2214 3986
20 273 21 276 Ὺ
139 321 193 384 :a
326 286 334 298 ’
418 315 736 378 ccoauracrrn
855 269 1096 374 §uacet

139 449 196 540 pro
209 460 456 524 murisosteutant.
498 457 569 516 Cim
581 447 731 516 Antonius*
742 452 885 513 ‘inhiberi
897 453 966 512 tela’
975 453 1035 530 jus·

141 539 235 608 deret,
260 539 337 612 sigua
359 536 523 611 aquilasque
549 536 698 593 extulere:
729 539 861 592 moestum
887 532 1035 590 inermium

143 633 252 690 agmen,
265 613 383 685 dejectis
397 611 553 665 interram
566 613 671 682 oculis,
680 611 863 687 sequebatur.
905 607 1032 667 Circum·

141 693 270 752 stiterunt
292 687 426 754 victores,
440 691 470 742 et
493 684 587 760 prime
608 689 773 757 ingerebant
790 687 908 762 probra,
921 687 1034 746 intenta·

141 769 211 828 haut
230 766 322 824 murs:
343 780 410 820 mox
427 770 460 819 ut
475 762 600 837 preheri
623 779 674 817 ora
693 763 880 832 coutumeliis,
894 769 936 831 et,
951 762 1035 838 positi

142 843 219 902 omni
241 840 358 908 ferocih,
372 839 472 898 cuncta
493 838 560 896 victi
575 837 765 913 patiebantur,
779 837 855 894 subit
867 839 1034 908 recordatio,

142 921 218 988 illos,
232 937 307 986 esse,
331 917 380 992 qui
401 933 494 992 nuper
517 915 649 972 bebriaci
669 914 798 972 'victoria
820 921 1034 989 temperassent.

144 996 200 1054 Sed
214 995 262 1054 ubi
275 994 401 1062 Caecina,
416 993 556 1070 praetexta
572 992 777 1068 lictoribusque
797 990 924 1066 insignis,
938 992 1035 1050 dimoti

142 1074 238 1142 turba,
261 1072 359 1130 consul
380 1070 504 1138 incessit,
525 1087 661 1128 exarsere
682 1069 827 1127 victores:
855 1071 1037 1144 ‘superbiam

145 1149 372 1226 ‘saevitiamque'
388 1148 477 1226 (adeb
498 1147 588 1203 inrisa
610 1147 722 1204 scelera
743 1143 821 1223 aunt)
844 1146 955 1204 ‘etiam
974 1165 1035 1222 per·

145 1227 282 1296 ‘tidiamss
298 1226 484 1303 objectabant.
535 1223 650 1280 Obstitit
670 1224 817 1292 Antonius,
840 1224 969 1298 datisque
990 1224 1035 1281 de·

145 1304 315 1372 sensoribus,
329 1304 365 1360 ad
378 1302 580 1377 Vespasianum
592 1301 704 1358 dimisit.

185 1381 308 1445 XXXll.
350 1379 435 1436 Plebs
452 1379 567 1436 iuterim
584 1377 818 1436 Cremonensium
830 1377 908 1436 iuter
921 1386 1037 1438 armatos

146 1460 379 1518 conflictabatur:
400 1474 454 1513 nec
478 1457 580 1531 procul
596 1455 675 1513 caede
689 1456 815 1523 aberant,
828 1455 893 1512 eum
907 1457 1038 1531 precibus
1093 1463 1094 1498 ἲ

146 1537 249 1594 ducum
267 1533 406 1606 mitigatus
430 1541 473 1590 est
490 1533 581 1589 miles.
623 1531 660 1588 Et
678 1539 794 1591 vocatos
816 1533 1038 1592 adeundarum

146 1613 282 1672 Antonius
303 1609 472 1684 adloquium,
493 1608 637 1683 magnifici
658 1609 793 1677 victores,
807 1609 896 1668 victos
916 1612 1038 1668 clemen·

147 1696 211 1748 ter:
233 1688 271 1745 de
290 1685 432 1744 crement
452 1685 481 1744 iu
502 1686 657 1744 neutrum.¹
699 1686 860 1756 Exercitus,
877 1696 989 1763 pratea
1001 1689 1038 1746 in-

145 1765 228 1825 sitam
241 1763 383 1841 predandi
397 1763 568 1838 cupidinem,
579 1771 679 1822 vetere
692 1763 757 1820 odio
771 1764 805 1820 ad
815 1765 960 1822 excidium
970 1765 1039 1823 Cre·
1093 1831 1094 1834 Ἴ

146 1842 321 1901 monensium
334 1842 477 1900 incubuit:
495 1841 605 1916 juvisse
619 1849 716 1916 partes
730 1841 904 1910 Vitellianas,
919 1841 1039 1900 Othonis
1093 1839 1094 1850 ¹

147 1937 261 1996 quoque
283 1919 371 1988 hello,
398 1919 609 1976 credebantur:
634 1936 701 1976 mox
726 1919 985 1988 tertiadecimanos,
1009 1920 1042 1976 ad
1093 1941 1096 1978 ε

146 1997 348 2058 exacuendum
369 1996 604 2073 amphitheatrum
624 1995 752 2064 relictos,
767 2002 798 2052 ut
820 2005 884 2053 eunt
907 1996 1042 2070 procacia

146 2077 260 2134 urbane
284 2075 376 2150 plebis
402 2074 521 2148 ingenia,
545 2073 733 2148 petulantibus
752 2072 854 2149 jurgiis
872 2075 1037 2132 inluserunt.

145 2154 232 2210 Auxit
243 2152 375 2209 iuvidiam
388 2151 493 2208 edibim
506 2151 564 2208 illic
578 2171 593 2208 a
606 2150 723 2208 Caecint
734 2150 920 2228 gladiatorum
929 2159 1038 2228 specta-

145 2230 251 2297 culum,
264 2228 421 2303 eademque
442 2245 540 2286 rursus
557 2228 628 2285 belli
640 2229 723 2288 sedes
735 2250 743 2298 ;
767 2236 798 2285 et
809 2229 924 2302 praebiti
937 2230 968 2285 iu
980 2229 1039 2286 acie

146 2305 303 2381 Vitellianis
323 2304 380 2362 cibi
396 2325 403 2372 ;
425 2323 508 2365 caesa
529 2306 657 2382 quaedam
670 2305 792 2376 femine,
812 2305 904 2364 studio
919 2306 1038 2381 partium

145 2381 181 2442 ud
190 2381 322 2456 proelium
334 2399 511 2457 progressa:
533 2392 645 2459 tempus
659 2390 773 2460 quoque
789 2379 941 2453 mercatus,
953 2383 1038 2440 ditem
1092 2423 1093 2452 ,

146 2459 269 2534 alioquin
282 2459 431 2530 coloniam,
445 2463 551 2538 majore
565 2479 651 2536 opum
664 2462 762 2537 specie
769 2461 941 2536 complebat
982 2459 1037 2516 Ge·

145 2536 200 2595 teri
213 2537 299 2596 duces
319 2537 347 2595 iu
371 2538 511 2596 obscuro:
533 2539 684 2596 Antonium
706 2537 816 2596 furtum
836 2537 968 2613 famaque
981 2551 1037 2594 om·

144 2614 222 2675 mum
244 2614 333 2672 oculis
354 2623 546 2690 exposuerat:
571 2616 595 2674 is
611 2617 750 2685 balineas,
774 2616 917 2676 abluendo
929 2615 1037 2682 cruori,

144 2689 392 2768 propere'peuta:
417 2700 537 2768 excepta
557 2711 614 2750 vox
632 2700 689 2761 est,
702 2692 765 2774 cum
778 2700 910 2768 teporem
928 2693 1037 2751 incusa-

144 2776 191 2826 ret
201 2768 225 2840 ;²
247 2778 262 2816 ‘-
270 2770 361 2826 statim
376 2766 511 2838 futurum,
526 2777 557 2825 ut
573 2770 802 2830 incalescerenl.’
843 2769 965 2828 Vernile
979 2769 1036 2826 dic·

144 2851 203 2904 tum
217 2862 328 2904 omnem
350 2843 483 2902 invidiam
504 2845 533 2902 iu
550 2863 614 2902 eum
634 2846 730 2916 vertit,
757 2853 917 2922 ‘tamquam
929 2848 1039 2922 signrun

142 2921 326 2981 incendendae
339 2919 491 2984 Cremonae
503 2922 648 2992 dedisset,’
663 2941 727 2998 quas
740 2923 801 2999 jam
814 2923 958 2998 flagrabat

182 2997 337 3056 xxxul:
369 2997 557 3073 Quadraginta
582 3007 752 3060 armatorum
776 3002 865 3072 millia
890 3002 1038 3078 inrupere,
1089 3063 1090 3072 ἒ

143 3078 272 3138 edanum
288 3075 465 3152 lixarumque
489 3076 608 3153 amplior
629 3097 774 3146 numanis,
788 3085 818 3136 et
840 3079 869 3136 in
892 3079 1040 3136 libidinem
1089 3073 1090 3138 l

141 3172 175 3211 ac
194 3152 331 3212 sevitiam
351 3149 522 3228 corruptior.
564 3153 629 3211 Nou
652 3151 779 3230 dignitas,
798 3167 854 3212 nou
876 3163 945 3214 aetas
969 3174 1037 3230 pro·

142 3233 264 3305 tegebat,
286 3229 434 3306 quominus
457 3238 555 3307 stupra
575 3232 710 3301 caedibus,
730 3233 824 3291 caedes
844 3234 951 3309 stupris
973 3233 1038 3294 mis·
1088 3275 1089 3288 ,

176 3380 192 3430 1
210 3379 252 3458 Dc
266 3381 395 3438 &emona
405 3383 437 3436 in
449 3387 581 3438 acotmm.
618 3385 680 3446 Hoc
688 3397 740 3452 est,
750 3397 878 3441 mentem
885 3405 970 3442 suem
981 3401 1040 3441 non

142 3455 258 3509 meruit,
271 3464 307 3498 an
319 3451 458 3504 Cremona
469 3453 548 3506 salva
560 3454 654 3509 futura
665 3467 748 3520 esser,
760 3471 860 3510 necne.

177 3508 196 3558 2
216 3511 283 3562 Cam
294 3519 431 3582 temporem
441 3519 585 3581 tumeret.
599 3523 602 3539 '
621 3523 694 3578 Cum
705 3517 833 3582 babnebs
844 3527 987 3586 nonsatis
999 3535 1038 3582 :e-

141 3587 209 3647 pere
221 3593 389 3645 quereretur.
874 3598 879 3616 “
1046 3605 1048 3609 ’
