2214 3986
56 351 85 400 s.
104 341 132 397 e.
148 325 192 397 st.
229 371 235 382 ·
286 336 442 394 maron
460 337 534 396 uu.
552 331 732 405 marrus.
907 323 970 398 rus·

132 508 139 522 ¹
161 494 170 523 ι
368 485 374 500 ⁸
551 487 558 500 .
637 483 651 500 ,Ι
819 485 827 500 ⁰
920 514 951 537 ’.Ιιι

60 485 745 640 tnnmlttttlttttnlttl
758 487 958 648 illidii

60 648 69 676 ‘
82 641 181 718 piendi
200 642 362 716 licentiam:
377 642 462 718 dudd
474 643 497 699 si
518 643 613 700 lucem
632 642 827 718 opperiantur,
837 643 897 717 jam
909 661 957 718 pa·

58 725 68 756 ‘
81 736 158 788 uem,
174 719 233 794 jam
246 738 360 794 preces,
374 728 403 778 et
415 738 469 796 pro
482 720 581 778 labore
595 739 628 778 ac
645 716 823 794 vulneribus,
833 721 958 780 clemen·
983 725 987 732 '

58 803 67 831 ‘
80 795 150 872 tiam
170 803 206 855 et·
218 797 346 872 gloriam,
359 798 464 865 inania,
477 792 603 861 latinos:
625 797 676 854 aed
696 817 766 873 opes
780 797 959 856 Cremonen

56 866 217 942 ‘siumfin
237 875 299 932 sinu
320 875 522 949 prefectorum
542 874 756 950 legatorumque
778 875 851 934 fore.
900 873 958 932 Ex·

55 958 215 1026 ‘pugnate
232 952 312 1008 urbis
325 952 463 1025 praedam,
477 951 510 1008 ad
532 950 649 1008 militem
665 974 673 1021 ;
693 952 806 1022 dedita,
820 953 855 1012 ad
871 953 964 1030 duces

56 1036 65 1064 ⁵
79 1028 254 1103 pertinere.'
296 1029 476 1101 spernuntur
495 1027 676 1086 centuriones
688 1029 861 1105 tribunique,
876 1050 908 1089 ac
922 1049 959 1088 ne

53 1123 116 1164 vox
138 1106 305 1180 cujusquam
327 1105 465 1173 audiatur,
486 1104 613 1180 quatiunt
634 1122 722 1174 arma,
742 1109 849 1181 rapturi
869 1109 958 1184 impe·

52 1181 161 1250 rium,¹
176 1181 205 1238 ni
223 1181 372 1256 ducantur.

95 1259 168 1316 XX.
211 1258 287 1316 Tum
308 1260 455 1329 Antonius,
475 1261 605 1318 inserens
625 1277 657 1318 se
676 1259 834 1336 manipulis,
851 1263 899 1319 ubi
919 1284 961 1322 as·

53 1344 150 1414 pactu
174 1343 204 1394 et
225 1337 390 1394 auctoritate
413 1338 556 1402 silentium
574 1337 701 1396 fecerat:
725 1337 814 1395 ‘Nun
830 1357 862 1396 se
875 1340 961 1398 decus

8 1477 9 1484 χ
56 1423 65 1450 ‘
79 1433 179 1490 neque
200 1414 324 1491 pretium
338 1416 459 1492 en'pere
480 1426 535 1474 tam
555 1418 631 1474 bene
644 1416 763 1474 meritis’
774 1416 940 1475 adfirmabat
953 1440 960 1488 3

8 1541 10 1548 s
56 1494 136 1557 ‘sed
148 1493 240 1550 divisa
259 1493 335 1553 inter
355 1494 512 1553 exercitum
533 1495 678 1570 ducesque
692 1495 805 1552 munia:
828 1492 961 1554 militibus

57 1570 230 1647 ‘pugnandi
251 1571 413 1646 cupidinem
445 1573 625 1642 convenire,
659 1572 747 1630 duces
774 1573 960 1648 providendo,

57 1657 67 1684 ⁶
80 1648 278 1722 consultando,
292 1649 468 1707 cunctatione
488 1653 604 1723 saepius,
619 1652 703 1726 qudm
723 1652 883 1710 temeritate
893 1651 960 1728 pro·

57 1733 66 1762 ⁶
79 1727 178 1784 desse.
220 1725 259 1785 Ut
269 1745 323 1801 pro
333 1727 409 1783 virili
420 1728 563 1802 portione,
577 1729 661 1785 armis
676 1748 708 1786 ac
719 1748 802 1786 manu
812 1731 973 1792 victoriam,

57 1811 65 1838 ‘
75 1804 210 1878 juverit:
233 1805 341 1862 ratione
352 1811 381 1862 et
394 1806 522 1873 consilio,
534 1807 658 1882 propriis
672 1807 751 1863 ducis
762 1807 878 1878 artibus,
893 1827 959 1884 pro-

57 1889 65 1915 ‘
80 1880 221 1938 futurum.
262 1881 366 1956 Neque
387 1884 463 1938 enirn
477 1885 605 1956 armtgua
618 1903 693 1951 esse,
708 1903 771 1957 qua
786 1885 961 1955 occurrant,2

57 1951 209 2028 ‘noctem
233 1961 335 2034 ignotae
359 1957 443 2015 situm
469 1960 558 2028 urbis,
578 1960 652 2016 intus
676 1961 786 2029 hostes,
811 1970 839 2018 et
861 1959 962 2020 cuncta
1061 1973 1064 1980 '

58 2045 65 2071 ‘
81 2035 192 2094 insidiis
213 2044 394 2112 opportuna:
417 2054 483 2104 non,
498 2036 522 2093 si
541 2043 655 2110 pateant
675 2044 778 2110 portae,
792 2038 845 2094 nisi
861 2041 960 2113 explo-

58 2116 157 2182 ‘ratd‚
172 2115 225 2172 nisi
248 2115 295 2170 die
315 2113 485 2170 intrandum.
529 2115 573 2170 An
594 2114 832 2187 oppugnationem
845 2115 961 2172 inchoa·

59 2199 175 2260 tensos,
201 2191 334 2265 adempto
360 2191 435 2248 omni
465 2197 630 2266 prospectu,
655 2189 717 2267 quis
747 2209 845 2266 aequus
871 2193 960 2264 locus,

59 2276 189 2345 ‘quanta
221 2270 338 2327 altitudo
370 2269 529 2328 moenium?
562 2270 747 2326 tormentisne
770 2277 800 2326 et
825 2271 900 2339 telis,
927 2289 961 2333 an

60 2348 221 2422 ‘operibus
242 2355 272 2404 et
298 2347 404 2404 vineis³
427 2347 615 2420 adgredienda
640 2348 708 2405 urbs
729 2346 805 2406 foret
821 2348 842 2408 l’
891 2347 962 2408 Mox

60 2443 220 2484 conversus
233 2425 269 2481 ad
279 2423 412 2499 singulos,
426 2433 434 2461 ‘
447 2445 513 2482 num
526 2445 654 2495 secures,
668 2427 811 2496 dolabras,
826 2435 854 2484 et
864 2435 962 2486 cetera

95 2553 111 2604 1
131 2549 414 2625 Ruptumimperium.
452 2552 497 2604 Ita
517 2552 593 2605 Flor.
612 2552 719 2620 Regius
740 2565 769 2606 et
789 2553 961 2623 Ryckianus,

61 2637 118 2676 nou
131 2633 163 2675 nt
176 2622 283 2692 vulgati
294 2620 407 2690 raptari.
439 2621 638 2686 *contumaces
656 2622 805 2688 imperium
818 2639 874 2675 non
888 2625 961 2690 rspi-

61 2703 112 2744 unt
125 2693 247 2760 proprie,
259 2691 309 2744 sed
322 2699 464 2756 rumpunt,
476 2699 607 2752 exsulant,
621 2699 648 2739 et
661 2705 715 2755 pro.
731 2689 845 2742 libidine
866 2703 961 2759 agunt.

61 2759 110 2883 {lic
127 2761 203 2816 Anu.
217 2761 258 2825 13,
269 2761 313 2816 36.
326 2762 418 2830 Rapio
429 2756 548 2828 impendo,
561 2759 719 2836 comesses
736 2774 795 2810 cum
809 2759 880 2814 hoste
889 2761 961 2830 sun·

78 2829 144 2885 itur.
473 2855 476 2863 ¹

39 2913 41 2916 ·
95 2899 121 2952 2·
131 2901 228 2968 Neque
240 2901 370 2972 ambigua
383 2916 437 2952 esso
454 2915 511 2968 quoe
524 2899 671 2952 occurrant.
708 2898 859 2953 Neminem
875 2901 962 2956 latore

61 2969 222 3037 periculosa
240 2989 303 3026 esse
322 2969 550 3053 oppugnantibus
562 2973 669 3033 noctem,
682 2980 710 3022 ct
722 2971 825 3038 ignote
838 2971 916 3024 urbis
927 2973 962 3024 si-

62 3047 132 3104 tum,
146 3039 202 3092 dac.
238 3041 314 3095 Non.
322 3049 348 3094 sl
355 3043 469 3110 puteant
479 3043 567 3109 porte,
579 3038 636 3092 nisi
648 3040 787 3114 explorald,
800 3038 857 3093 nisi
868 3039 910 3094 die
919 3039 963 3093 ἰη-

60 3109 199 3162 trandum.
236 3109 357 3164 Etiamsi
369 3109 444 3162 nulla
455 3126 526 3177 opus
535 3120 609 3162 esset
620 3109 830 3178 oppugnatione
841 3120 868 3162 et
876 3121 963 3178 portae

81 3188 202 3245 sterent,
214 3195 250 3234 ne
272 3193 340 3234 tunc
362 3180 476 3248 quidem
496 3179 665 3243 intrandum,
678 3181 731 3232 nisi
743 3180 898 3248 explorato,
910 3181 962 3233 nisi

62 3191 117 3302 Kie.
154 3247 200 3302 Itu
219 3249 323 3320 legitur
342 3249 372 3302 in
390 3249 522 3312 Budensi,
543 3247 618 3302 Flor.
631 3249 729 3316 Regio,
750 3260 778 3302 et
795 3249 878 3306 editis
899 3262 963 3303 ante

63 3315 215 3390 Ryckium,
228 3321 276 3388 qui
288 3319 394 3372 codicis
406 3321 449 3371 sui
461 3319 611 3372 lectionem
623 3319 737 3371 maluit:
755 3335 811 3371 con
820 3315 964 3388 sipateant

59 3393 151 3458 pona,
163 3405 219 3441 non
231 3388 283 3455 dic,
296 3387 356 3443 nisi
366 3389 497 3458 explorull
508 3386 685 3444 intrandum.-
703 3389 751 3458 qui
767 3393 867 3442 sensus
885 3390 920 3442 ab
932 3409 963 3444 re

64 3459 196 3527 presenti
209 3459 319 3514 alienus
330 3459 449 3515 videtur.
501 3509 503 3512 ,
622 3465 626 3480 ‘

98 3526 117 3579 3
134 3526 180 3580 Aa
199 3527 323 3598 operibus
339 3535 365 3581 et
380 3527 478 3596 vicem..
511 3527 586 3580 Flor.
607 3538 635 3582 et
647 3527 754 3597 Regius
771 3529 825 3582 hoc
837 3529 964 3584 inserunt

65 3594 216 3664 glossema,
238 3595 447 3650 machinamenti
486 3614 553 3651 enus
565 3599 602 3651 ad
613 3599 807 3668 expugnandos
823 3599 921 3664 muros,
932 3597 964 3648 io

62 3663 169 3722 nodum
180 3665 298 3722 lundam
309 3669 427 3737 suctum,
464 3615 535 3727 i'ido
546 3671 632 3738 supra
644 3669 681 3724 ad
692 3669 717 3724 5.
730 3679 758 3729 et
769 3667 795 3725 7.
