2254 3960
87 323 224 384 sam
443 323 694 388 sorssors..
765 412 770 420 .
958 323 1016 390 ss
1099 285 1110 304 ’

88 472 182 548 propt
195 470 358 530 universam
378 471 553 540 obtriverat:
576 490 670 548 eoque
689 471 769 532 initio
783 480 881 534 erecta
893 465 1012 550 provin·

87 547 145 617 cia,
160 555 191 607 et
203 549 305 624 quibus
318 550 425 608 bellum
439 549 598 610 nolentibus
613 558 683 618 erat,
697 552 822 626 probare
836 549 1013 628 exemplum,

86 633 137 683 aut
163 626 288 684 recentis
314 627 398 700 legati
425 628 546 688 animum
573 628 712 702 opperiri.
764 629 840 686 Tum
867 631 1012 704 Agricola,

86 716 257 778 quamquem
271 711 408 762 transacta
421 713 515 773 estas,
529 705 621 779 sparsi
634 725 688 780 per
698 707 875 780 provinciam
888 709 1010 780 numeri,

86 789 264 857 presumpta
277 782 351 856 apud
365 781 483 838 militem
497 782 571 839 illius
586 783 649 840 anni
664 784 756 858 quies,
769 784 846 840 tsrda
857 793 886 842 et
898 794 1011 847 contra

86 857 133 916 ria
147 857 252 916 bellum
266 857 444 926 inchoaturo,
455 866 485 916 et
497 859 644 934 plerisque
665 862 799 918 custodiri
814 871 946 936 suspecta
959 883 1009 938 po-

86 933 144 990 tius
164 935 324 1004 videbatur,
338 937 382 993 ire
403 937 516 993 obviam
535 936 688 994 discrimini
709 939 823 996 statuit:
846 942 1012 999 contractis·

86 1029 145 1086 que
158 1011 300 1086 legionum
314 1012 427 1070 vexillis
448 1023 477 1072 et
491 1014 601 1072 modici
614 1014 781 1071 auxiliorum
796 1035 888 1084 manu,
903 1019 969 1092 quia
981 1019 1013 1078 in'

84 1107 200 1162 aequum
213 1089 331 1164 degredi
345 1090 505 1148 Ordovices
520 1109 575 1148 non
590 1091 740 1158 audebant,
754 1091 816 1165 ipse
826 1101 888 1149 ante
899 1113 1012 1168 agmen,

85 1169 146 1241 quo
159 1167 265 1227 ceteris
278 1187 331 1244 par
344 1169 450 1225 enimus
464 1168 548 1226 simili
560 1169 690 1242 periculo
699 1177 784 1234 esset,
796 1171 890 1226 erexit
899 1173 988 1228 aciem
999 1191 1009 1230 t

83 1245 217 1319 caeslque
243 1245 333 1320 prope
355 1246 489 1304 universi
514 1254 609 1319 gente,
634 1265 689 1302 non
713 1246 825 1319 ignarus
851 1247 1011 1310 instandum

84 1319 179 1390 same,
194 1341 237 1390 ao,
251 1324 336 1397 proiit
349 1324 442 1397 prima
461 1323 622 1391 cessissent,
637 1321 700 1380 fore
720 1324 872 1394 uniuersa3
895 1324 1012 1384 Monam

82 1397 215 1467 insulam,
226 1401 306 1474 cujus
318 1401 498 1475 possessione
507 1409 670 1460 revocatum
681 1400 841 1458 Paullinum
851 1401 1013 1463 rebellione

84 1475 172 1534 totins
193 1473 346 1534 Britannias
367 1479 453 1552 supri
474 1479 639 1548 memoravi,
654 1479 785 1551 redigere
798 1479 827 1534 in
841 1486 1012 1552 potestatem

85 1556 180 1614 animo
195 1555 322 1614 intendit.
366 1557 433 1623 Sed,
444 1564 475 1614 ut
488 1557 516 1612 in
526 1557 619 1613 dubiis
629 1556 764 1624 consiliis,
776 1555 1008 1614 navesdeerantt

85 1632 202 1690 ratioet
221 1634 375 1692 constantia
397 1634 478 1691 ducis
500 1634 670 1692 transvexit.
712 1633 855 1708 Depositis
880 1633 1010 1692 omnibus

84 1711 215 1781 sarcinis,
229 1711 396 1769 lectissimos
418 1712 606 1780 auxiliarium,
621 1713 722 1787 quibus
736 1719 801 1768 nota
814 1711 895 1780 vada,
909 1720 939 1769 et
959 1731 1012 1787 po*

84 1789 156 1846 trius
171 1789 252 1846 nandi
262 1809 339 1858 usus,
349 1808 405 1866 quo
415 1789 498 1846 simul
508 1807 609 1864 seque,
621 1798 650 1846 et
658 1808 744 1856 arma,
756 1795 785 1846 et
796 1804 885 1864 equos
897 1797 1011 1863 regunt,
1025 1861 1027 1866 y

84 1866 124 1927 ita
143 1868 262 1943 repente*
283 1867 407 1937 immisit,
422 1876 452 1924 ut
475 1865 663 1940 obstupefacti
686 1866 794 1933 hostes,
809 1867 857 1940 qni
879 1869 1008 1932 classem,

85 1945 134 2022 qui
161 1963 259 2013 naves,
286 1946 335 2024 qui
369 1964 446 2003 mare
480 1944 692 2019 exspectabant,
720 1943 789 2000 nihil
817 1942 934 2025 arduum
961 1950 1011 2002 aut

82 2023 223 2084 invictum
242 2023 417 2082 crediderint
436 2023 477 2084 sic
498 2023 531 2082 ad
553 2023 660 2090 bellum
671 2019 860 2086 venientibus.
904 2034 945 2087 tta
957 2046 1010 2106 pe·-

84 2098 231 2174 dispare,
245 2121 278 2158 ac
296 2103 391 2160 dedital
410 2105 512 2172 insuit,
526 2105 619 2160 clarus
633 2121 665 2161 ac
679 2123 793 2177 magnus
814 2105 913 2162 haberi
924 2110 1011 2180 nigri*-

83 2179 148 2236 eota
162 2199 169 2238 ε
192 2179 300 2254 quippe
314 2179 360 2238 cui
374 2179 543 2252 ingredienti
555 2182 740 2256 provinciam,
753 2183 828 2257 quod
839 2189 950 2256 tempus
962 2185 1011 2244 alii

85 2275 141 2330 per
154 2257 381 2326 ostentationem,
397 2266 445 2315 aut
459 2257 616 2318 officiorum
636 2260 770 2319 ambitum
790 2261 954 2334 transigunt,
969 2263 1008 2320 la·

84 2335 139 2394 bor
152 2341 182 2392 et
202 2335 371 2410 periculum'
383 2335 545 2411 placuisset.
588 2335 651 2394 Nec'
665 2337 806 2410 Agricola,
817 2339 1012 2414 prosperitate

84 2431 184 2472 rerum
197 2412 227 2470 in
248 2415 398 2472 vastitatem
412 2431 488 2481 usus,
503 2412 715 2487 expeditionem
736 2424 783 2474 aut
796 2417 944 2474 victoriam
957 2431 1008 2476 'vo-

83 2490 279 2560 constrictos
293 2489 466 2548 continuisse
480 2511 486 2546 :
509 2509 546 2546 ne
566 2492 699 2548 laureatis
721 2493 835 2566 quidem
846 2502 927 2567 gesta
940 2511 1007 2568 pro*

83 2575 199 2628 secutus
220 2575 285 2625 est:
306 2567 357 2623 sed
378 2566 442 2640 ipsit
463 2567 684 2624 dissimulatione
705 2567 784 2628 fimas
807 2569 905 2626 famam
920 2571 1008 2643 suxit,

83 2646 299 2712 estimantibus,
314 2647 415 2718 quante
429 2643 516 2701 futuri
530 2662 582 2718 spe
596 2651 651 2700 tam
665 2645 761 2716 magna
775 2646 917 2702 tacuisset.

122 2721 204 2787 XIX.
227 2721 363 2778 Ceterdm
377 2722 544 2788 animorum,
556 2719 712 2795 provinciae
723 2722 858 2796 prudens,
867 2722 1010 2801 simulque

81 2802 183 2860 doctus
195 2819 249 2874 per
263 2799 355 2856 aliena
368 2801 576 2874 experimenta,
591 2799 690 2873 partim
703 2797 804 2873 profici
818 2800 952 2869 armis,'si
966 2801 1008 2859 in·

76 2879 167 2954 juriae
181 2885 383 2952 sequerentur,
397 2897 494 2936 causas
508 2878 649 2935 bellorum
665 2877 760 2933 statuit
773 2876 951 2934 exscindere.
985 2879 1010 2938 A

81 2974 115 3016 se
137 2955 253 3030 suisque
274 2973 366 3023 orsus,
388 2949 506 3029 primam
526 2956 640 3014 domum
661 2973 741 3010 suam
764 2954 911 3024 coercuit3
934 2955 1011 3030 quod

103 3032 233 3106 lerisque
242 3033 318 3088 haud
328 3033 418 3090 minds
428 3033 546 3090 arduum
559 3040 612 3099 est,
621 3031 704 3107 quam
712 3031 885 3106 provinciam
894 3049 1007 3104 regere.

82 3053 167 3166 iitihit
176 3125 236 3182 per
248 3109 372 3167 libertos·
381 3129 539 3184 servosque
553 3109 676 3184 publica
688 3109 731 3166 rei
745 3131 752 3166 ε
774 3127 830 3164 non
841 3107 938 3165 studiis
950 3110 1009 3183 pri·

82 3187 168 3254 vatis,
182 3204 237 3244 neo
257 3205 295 3244 ex
315 3186 571 3258 commendatione,
590 3193 637 3244 sut
659 3187 793 3260 precibus
813 3185 1010 3248 centurionum

82 3264 192 3324 milites
201 3263 323 3333 adscire,
333 3265 383 3322 sed
392 3265 528 3339 optimum
536 3262 879 3340 quemquelidelissimnm
888 3268 1010 3338 putares

84 3340 181 3400 omnia
194 3340 281 3412 scire,
296 3360 354 3408 non
367 3343 461 3400 omnia
474 3343 593 3419 exsequi
610 3363 616 3398 :
634 3341 735 3416 parvis
749 3341 872 3416 peccatis
886 3341 1010 3414 veniam,

82 3416 192 3491 magnis
203 3418 387 3476 severitatem
398 3419 589 3476 commodare:
604 3437 659 3476 nec
668 3421 754 3494 poent
764 3417 947 3494 temperent
956 3437 1010 3477 sn·

83 3495 151 3570 pius
166 3495 334 3568 poenitentis
347 3502 494 3552 contentus
508 3513 591 3553 esse:
614 3495 713 3554 officiis
727 3503 757 3554 et
767 3496 1009 3556 administrationi·

84 3573 141 3627 bus
155 3570 247 3644 potius
260 3590 317 3629 non
327 3579 494 3646 peccaturos
506 3591 688 3647 preponere,
700 3575 783 3649 quim
793 3573 937 3641 damnare,
946 3573 1013 3632 eds).

83 3645 266 3728 pecctssont.
306 3647 455 3717 Frumenti
464 3655 494 3718 et
502 3649 673 3717 tributorum
684 3651 842 3714 auctionem
851 3649 1012 3730 equalitate
1046 3676 1061 3701 ·
1116 3697 1117 3708 ,
