2214 3986
140 311 192 368 roe
405 283 724 368 coenantem
746 299 749 308 ’
829 323 903 399 aa.
919 322 946 365 o.
964 303 1041 363 sees

140 459 310 518 ‘meretur’
350 456 522 516 Conscendit
537 457 664 516 tribunal
684 454 804 524 Vocula,
817 454 888 512 miri
900 461 1032 512 constan-

137 535 176 592 tia
202 537 430 611 probrosumque
453 536 571 596 militem
594 553 627 608 ac
648 532 862 600 vociferantem,
886 531 902 567 s
908 531 974 588 duci
996 531 1033 588 ad

138 619 147 651 -‘
161 613 339 687 supplicinm'
348 611 442 686 jussit.
482 610 520 670 Et
532 612 599 670 dum
611 611 676 668 mali
688 617 804 686 pavent,
819 607 938 684 optimus
952 609 1031 684 quis·

137 706 193 762 que
211 689 297 764 jussis
311 703 448 764 paruae.
480 689 563 750 ‚Exin
575 706 723 772 consensu
741 696 749 722 ‘
764 688 866 744 ducem
879 684 1031 744 Voculam'

136 766 326 838 poscentibus,
341 765 459 838 Flaccus
472 785 607 830 summam
621 783 717 822 rerum
731 765 759 822 ei
772 763 908 840 permisit.
1016 789 1020 798 ¹

173 841 280 898 XXVI.
323 843 379 900 Sed
397 844 541 904 discordes
557 843 662 900 animos
684 843 777 899 multa·
791 840 965 898 efferebant:
988 840 1032 896 in-

135 918 198 992 opia
220 917 352 992 stipendii
375 919 726 996 frumentique,·et·simul
745 918 887 974 delectum
909 917 1031 974 tributa·

134 1013 189 1068 que
210 995 313 1056 Galliae
337 1005 539 1072 aspernantes:
572 997 699 1064 Rhenus,
726 993 869 1068 incognita
890 993 931 1070 illi
955 995 1031 1056 caelo

133 1071 270 1142 siccitate,
285 1074 335 1142 vix
348 1076 459 1132 navium
473 1075 583 1149 patiens
600 1096 606 1128 :
630 1071 701 1128 arcti
714 1073 886 1129 commeatus
903 1093 910 1126 :
932 1071 1030 1146 dispo·

132 1147 194 1206 sitae
216 1169 401 1224 peromnem
424 1152 514 1226 ripam
534 1147 676 1216 stationes,
698 1167 761 1223 quae
780 1149 936 1207 Germanos
954 1149 1032 1205 rado

134 1235 266 1286 arcerent
281 1249 288 1284 ε
311 1229 466 1304 eademque
486 1228 523 1284 de
541 1228 625 1285 causi
636 1226 727 1286 minus
741 1224 862 1299 frugum,
876 1233 906 1282 et
918 1227 1031 1301 plures,

134 1305 183 1378 qui
196 1313 404 1364 consumerent.
447 1305 528 1379 Apud
547 1303 694 1380 imperitos
711 1303 831 1378 prodigii
845 1305 908 1360 loco
923 1304 1032 1378 accipi·

134 1383 234 1441 ebatur
252 1383 314 1456 ipsa
337 1402 471 1457 aquarum
491 1383 619 1457 penuria,
630 1389 771 1456 tamquam
784 1400 834 1437 nos
849 1399 941 1438 amnes
958 1400 1030 1456 quo-

134 1463 200 1532 que,
214 1466 243 1516 et
255 1467 354 1516 vetera
367 1460 480 1533 imperii
494 1459 675 1528 munimenta,
689 1453 879 1524 desererent:
902 1459 980 1534 quod
999 1460 1029 1516 in

132 1549 214 1607 pace,
237 1535 338 1604 ·fors,'
353 1556 404 1594 seu
418 1533 566 1592 ‘naturae’
588 1544 654 1598 tuno
675 1546 682 1572 ‘
698 1535 786 1594 iatum
798 1543 827 1595 et
839 1537 962 1604 ira'dei,’
979 1555 1030 1593 vo-

132 1613 255 1668 cabatur.
298 1613 434 1686 Ingressis
458 1613 628 1683 Novesium,
649 1613 935 1692 sextadecimaleg'io
958 1633 1030 1671 con-

126 1688 262 1762 jungitur.
309 1690 426 1748 Additus
447 1691 567 1750 Vocula
578 1691 615 1750 ¹in
635 1687 744 1768 partem
766 1699 898 1749 curarum
911 1691 1031 1750 Heren-

131 1765 192 1824 nius
206 1766 316 1836 Gallus,
330 1770 436 1843 legatus
446 1793 457 1827 1:
471 1785 533 1829 auec
555 1771 614 1828 ausi
624 1764 661 1830 'ad
670 1767 674 1776 '
683 1772 793 1827 hostem
803 1787 934 1848 pergere,
949 1770 1031 1839 loco,

131 1845 178 1901 cui
203 1845 333 1904 Gelduba
358 1866 460 1906 nomen
485 1856 540 1918 est,
560 1855 651 1910 castra
677 1849 784 1919 fecere.
826 1847 869 1904 lbi
892 1848 1033 1910 struenda

131 1923 203 1998 acie,
229 1925 380 1991 muniendo
411 1927 609 2005 vallandoque,
637 1933 666 1984 et
691 1927 795 1984 ceteris
817 1923 885 1982 belli
907 1926 1032 1988 medita·

130 2001 230 2058 mentis
253 2002 370 2075 militem
393 1998 560 2060 firmabant..
590 1999 688 2076 thue
711 2005 809 2076 prada
828 2003 865 2056 ad
889 2003 1031 2076 virtutem

131 2079 345 2152 accenderetur,
360 2082 387 2138 in
408 2075 552 2155 proximos
574 2075 781 2153 Gugernorurn
794 2097 889 2154 pagos,
908 2077 958 2152 qui
982 2098 1031 2138 so·

130 2156 260 2215 cietatem
281 2159 381 2216 Civilis
400 2165 582 2232 acceperant,
596 2157 695 2222 ductus
709 2156 846 2220 aVoculi
865 2155 1026 2224 exercitus.

130 2231 199 2289 Pars
212 2253 277 2310 cum
290 2235 437 2311 Herennio
451 2237 533 2294 Gallo
542 2237 708 2316 permansit.
888 2287 896 2304 ,

167 2309 298 2376 xxvu:
333 2313 421 2368 Forte
430 2331 503 2369 nave
537 2357 543 2380 ,
558 2314 631 2370 haud
642 2313 744 2390 procul
757 2312 866 2382 castris,
880 2309 1029 2372 frumento

129 2405 255 2461 gravem,
269 2389 332 2447 edm
348 2405 410 2463 'per
427 2391 497 2454 vada
540 2392 658 2462 aesisset,
677 2391 860 2460 Germaniin
883 2395 962 2460 suam
989 2393 1030 2449 ri-

130 2482 195 2539 pam
208 2467 364 2530 trahebant.
391 2466 472 2542 ‚Non
482 2469 558 2532 tulit.
567 2463 677 2538 Gallus,
691 2469 821 2544 misitque
835 2467 959 2525 subsidio
975 2488 1028 2526 co-

130 2544 250 2602 hortem.
291 2546 396 2602 Auctus
418 2552 447 2602 et
464 2543 682 2604 Germanorum*
697 2565 841 2615 numerus,
867 2545 1031 2619 paullatim

131 2641 186 2696 que
200 2625 411 2698 aggregantibus
425 2643 462 2680 se.
471 2625 592 2692 auxiliis,
607 2625 667 2694 acie
688 2631 834 2683 certatum.
874 2621 1031 2686 Germani.

130 2701 217 2758 multe
233 2721 302 2759 cum
325 2707 612 2776 strage-nostrorum,
634 2721 736 2760 navem
754 2701 902 2776 abripiunt.
945 2699 1030 2764 Victi

125 2777 221 2856 (quod
235 2779 333 2836 tamin
346 2793 465 2836 morem
481 2773 621 2857 verterat)
641 2799 698 2838 non
718 2797 795 2837 suam
808 2778 959 2853 ignavium,
975 2783 1032 2838 sed

131 2855 277 2927 perfidiam
289 2858 374 2930 legati
387 2859 546 2934 culpabant.
567 2887 573 2898 .
588 2857 796 2920 Protractume
807 2856 938 2923 tentorio,
954 2857 1030 2914 seis-

132 2933 162 2988 εἴα
182 2943 272 3002 veste,
295 2937 448 3008 verberato
465 2937 606 3009 corpore,
620 2944 695 3024 ‘quo
714 2934 818 3009 pretio,
833 2934 931 3010 quibus
955 2937 1029 2992 c'on-

132 3015 140 3042 ‘
157 3009 232 3078 sciis,
246 3011 415 3086 prodidisset
436 3015 613 3094 exercitum,’
628 3011 853 3094 dicerejubent.
895 3009 985 3072 Redit
998 3013 1030 3070 in

131 3085 326 3151 Hordeonium
346 3089 459 3146 invidia.
478 3147 481 3158 ,
502 3091 583 3154 lllum
606 3096 774 3149 ‘auctorem
792 3088 930 3164 sceleris?
946 3089 1030 3148 hunc

109 3165 321 3236 v‘ministrum'
345 3174 467 3224 vocant:
499 3168 590 3227 donec
613 3168 732 3226 exitium
756 3165 946 3223 minitantibus
976 3183 1030 3225 ex÷

130 3239 257 3310 territas,
290 3243 511 3318 ‘proditionem’
539 3252 569 3302 et
591 3245 662 3321 ‘ipse
694 3239 866 3322 Hordeonio¹
894 3242 1025 3316 objecit:

131 3317 305 3393 vinctusque,
335 3321 456 3386 adventu
484 3322 601 3380 Quium
623 3321 741 3381 Voculae
771 3320 938 3390 exsolvitur.
997 3321 1028 3378 ls

131 3394 323 3462 postestate,
341 3401 473 3462 auctores
492 3399 638 3461 seditionis
661 3405 753 3456 morte
774 3395 888 3456 adfecit.
930 3395 1030 3454 Tanta

91 3529 97 3536 ,
130 3458 173 3516 illi
196 3468 334 3526 exercitui
355 3471 503 3538 diuersitas
532 3473 624 3540 inerat
649 3474 783 3548 licentie,
808 3473 1029 3562 patientiam.
