2252 3958
2 417 4 424 .
89 375 232 464 ...πμ
323 373 751 442 merosnmmnus.
844 350 859 377 ³
965 375 1008 440 rs

64 588 68 597 .
95 529 195 604 'giam
206 534 270 587 erat
287 522 343 586 Cn.
358 529 488 605 Pompeii
508 535 539 586 et
558 491 599 587 Μ.
618 527 715 588 Crassi
728 527 859 586 subolem
872 523 901 584 in
914 539 1001 602 pensa

95 613 104 642 ⁸
119 614 162 663 tes
176 625 253 664 meos
268 607 447 677 adsciscere3
468 613 498 665 et
509 607 560 664 tibi
574 606 692 682 insigne,
714 606 848 682 Sulpiciae
870 623 903 662 ec
917 603 1001 662 Luta·

2 699 3 704 ¹
96 683 183 742 ‘tiasl-
192 683 307 752 decora,
321 685 460 742 nobilitati
473 691 529 740 tum
544 684 691 760 adjecisse.
715 681 799 741 Nunc
812 701 870 753 me,
883 682 1003 740 deorum

97 768 105 794 ⁶
121 761 323 838 bominumque
344 779 485 820 consensu
498 761 532 817 ad
545 761 697 836 imperium
709 768 850 829 vocatum,
864 759 1004 836 praeclara

96 838 226 895 ‘indoles
237 847 296 907 tua,
315 846 345 896 et
362 857 441 896 amor
458 837 557 914 patrie
571 839 680 912 impulit
694 845 725 896 ut
743 837 946 914 Principstum,
965 837 1002 894 de

97 923 177 991 ‘quo
190 915 312 991 majores
336 917 425 974 nostri
442 915 527 992 armis
543 917 698 984 certabant,
708 915 787 974 bello
798 915 926 992 adeptus,
941 913 1002 1048 pui-

97 994 228 1050 ‘escenti
242 993 370 1060 offeram,
392 995 524 1068 exemplo
537 993 597 1050 divi
609 993 737 1065 Augusti,
755 993 804 1069 qni
823 994 929 1052 sororis
969 991 1002 1048 li·

96 1077 168 1126 ‘um
190 1070 370 1136 Marcellum,
392 1070 459 1126 dein
484 1088 622 1147 generum
642 1072 807 1145 Agrippam,
827 1089 893 1128 mox
914 1087 1003 1146 nepo·

97 1155 105 1182 ⁶
121 1153 166 1203 tes
179 1164 258 1220 suos,
271 1148 418 1218 posti-emb
437 1145 589 1202 Tiberium
605 1145 763 1214 Neronem,
786 1149 956 1222 privignum,
974 1147 1004 1205 in

99 1232 108 1257 ‘
125 1223 258 1298 proximo
271 1221 326 1278 sibi
339 1220 447 1296 fastigio
458 1222 619 1279 collocavit.
661 1223 717 1278 Sed
731 1225 868 1295 Augustus
882 1227 910 1282 in
920 1225 1004 1282 domo

98 1299 322 1358 ‘successorem
343 1300 506 1374 qnaesivit,
525 1317 589 1372 ego,
611 1300 640 1355 in
658 1299 825 1373 republica:
853 1319 919 1368 non,
940 1301 1006 1376 quia

98 1377 307 1454 ‘propinquos
322 1385 369 1434 aut
382 1378 474 1434 socios
495 1377 563 1434 belli
586 1394 642 1434 non
656 1377 786 1432 babeam.
834 1376 891 1432 Sed
910 1394 1006 1452 oeque

99 1466 106 1491 ⁵
122 1457 186 1530 ipse
198 1455 351 1530 imperium
360 1455 510 1512 ambitione
520 1455 632 1529 accepi,
641 1462 670 1511 et
677 1453 1006 1529 judiciimeidocumen·

99 1541 179 1590 ‘tum
202 1531 267 1601 sint,
291 1552 347 1590 non
373 1546 446 1613 mpae
472 1533 577 1590 tantum
604 1531 838 1601 necessitudines,
860 1551 928 1608 quas
955 1531 1005 1590 tibi

99 1611 278 1686 ‘'postposui,
292 1611 343 1666 sed
365 1618 394 1667 et
406 1617 472 1668 tua.
513 1611 564 1668 Est
577 1610 627 1667 tibi
644 1608 749 1668 frater²
767 1611 829 1686 pari
850 1610 1006 1680 nobilitate,

87 1695 108 1723 ,a
123 1695 191 1745 natu
204 1688 303 1762 major,
317 1688 416 1761 dignus
430 1689 482 1744 hac
496 1687 618 1755 fortuni,
630 1688 683 1744 nisi
693 1695 724 1745 tu
736 1688 830 1760 potior
843 1707 931 1746 esses.
964 1687 1006 1746 Ea

97 1775 107 1802 ⁴
120 1773 189 1823 setas
203 1773 259 1833 tua,
271 1785 335 1840 quas
349 1766 516 1840 cupiditates
529 1765 730 1836 adolescentiae*
737 1767 796 1842 jam
807 1765 957 1840 effugerim
972 1783 1008 1823 ea
1122 1803 1123 1812 κ

98 1853 108 1879 ‘
123 1845 192 1911 vita,
205 1843 234 1898 in
248 1845 303 1918 qud
316 1843 386 1902 nihil
399 1845 578 1918 praeteritum
596 1843 786 1900 excusandum
797 1843 912 1900 habeas.
934 1843 1006 1900 For·

97 1921 344 1978 ‘tsnanssadnuc
367 1923 472 1980 tautum
493 1923 640 1980 adversam
660 1921 757 1978 tulisti.
800 1921 938 1980 secunde
959 1937 1007 1980 res

98 2007 113 2036 ⁶
124 1999 280 2056 acrioribus
298 1999 416 2056 stimulis
436 2001 541 2058 animos
556 1999 723 2074 explorant:
745 1999 811 2074 quia
822 1999 946 2056 miseriae
962 2004 1006 2054 to·

98 2077 261 2146 ‘les-amur,
283 2076 418 2135 felicitate
439 2076 658 2152 corrumpimur.
700 2077 812 2145 Fidem,
836 2077 1007 2146 libertatem,

97 2163 108 2190 ‘
121 2155 280 2225 amicitiam,
294 2156 441 2231 praecipua
459 2154 572 2212 humani
591 2153 675 2210 animi
690 2155 775 2218 bona.
788 2159 819 2211 tu
832 2152 947 2228 quidem
960 2153 1007 2210 ed·

2 2273 3 2278 η
97 2234 188 2288 ‘dem
208 2234 365 2292 constantia
386 2233 543 2292 retinebis:
566 2231 616 2289 sed
638 2231 684 2290 alii
700 2250 755 2306 per
768 2230 936 2321 obsequium
956 2229 1007 2294 im·

96 2309 260 2366 ‘minuent
304 2309 452 2390 inrumpet
465 2307 596 2377 adulatio,
609 2305 763 2379 blanditiae,
778 2325 931 2384 pessimum
944 2313 1007 2368 veri

97 2385 240 2443 ‘affectus
266 2405 420 2457 venenum,
437 2407 488 2445 sua
508 2387 611 2462 cuique
632 2387 746 2453 utilitas.
789 2387 882 2445 Etiam
896 2407 959 2464 ego,
972 2409 1006 2448 ac

97 2471 166 2533 ‘tu,
180 2464 385 2540 simplicissime
404 2466 479 2523 inter
498 2485 550 2523 nos
568 2465 653 2522 bodie
674 2466 835 2541 loquimur:
857 2467 959 2536 ceteri,
973 2468 1006 2524 li·

97 2543 237 2600 ‘bentiirs
260 2561 326 2600 curn
352 2543 473 2602 fortuma
498 2545 605 2612 nostra,
626 2545 709 2618 quim
732 2545 889 2600 nobiscum.
933 2543 1007 2604 Nam

94 2619 245 2692 gsuadere
263 2620 404 2694 Principi,
424 2621 499 2695 quod
513 2627 654 2693 oporteat,
673 2621 753 2676 multi
767 2621 890 2676 laboris:
913 2639 1006 2680 assen-

95 2697 192 2784 ιῐριῖίο
213 2711 282 2768 erga
301 2695 466 2768 Principem
489 2709 707 2770 quemcumque,
721 2697 782 2752 sine
801 2693 903 2752 atl‘ectu
923 2715 1006 2769 pera-

94 2785 104 2811 6

118 2780 221 2905 griffi·
244 2847 293 2904 ‘Si
312 2847 480 2906 immensum
492 2845 605 2922 imperii
623 2865 728 2924 corpus
747 2855 833 2919 stare,
852 2867 884 2908 ac
897 2849 1006 2926 librari,

92 2938 104 2968 ⁴
119 2929 187 2989 elue
197 2931 429 3001 rectoreposset,
443 2925 541 3000 dignus
555 2943 643 2994 eram,
655 2945 671 2982 a
685 2945 741 3002 quo
762 2927 923 3003 respublica
936 2931 1005 2990 inci-

95 3009 215 3084 speret.
256 3003 393 3083 Ναοῦ-εὖ
403 3003 577 3062 necessitatis
593 3003 766 3082 jampridem
778 3013 894 3066 ventum
907 3015 960 3080 est,
975 3019 1006 3069 ut

135 3162 151 3214 1
172 3159 299 3230 Sulpicia
318 3179 350 3214 ac
368 3159 494 3216 Instatim
530 3160 650 3234 Videtur
668 3164 806 3218 excidisse
830 3181 886 3218 vox
906 3149 1005 3234 gentis.
1072 3229 1074 3234 Ι

95 3229 173 3286 Vide
187 3231 352 3288 Suetonium
365 3233 394 3284 in
407 3231 498 3284 Galba
509 3231 535 3284 3.
562 3233 654 3300 Supra
665 3249 716 3302 pro
737 3238 761 3287 et
779 3231 847 3287 mibi
869 3251 882 3284 e
916 3231 1006 3302 egium

87 3304 159 3359 erar
179 3304 252 3353 tunc.
287 3292 362 3354 Flos.
384 3313 412 3354 et
435 3301 543 3370 Regius
566 3301 691 3355 scribunt
714 3319 796 3368 nunc,
820 3319 875 3370 quo
918 3302 1005 3361 nihilo

33 3372 41 3389 ⁸
93 3369 228 3496 1Pme‘lius3·¹
243 3371 305 3444 lege
326 3386 390 3424 cum
410 3371 538 3447 Freinsh.
573 3372 613 3426 Et
628 3369 695 3424 mila
714 3369 852 3444 egregiam
872 3377 928 3426 erat
953 3373 1003 3432 Cm

128 3455 171 3492 om
190 3453 234 3494 eun

134 3455 378 3576 {didattiblsrotem
408 3505 451 3561 De
464 3525 518 3576 quo
531 3506 603 3562 illst.
615 3509 641 3574 4,
652 3509 696 3563 89.

47 3631 51 3638 ,
135 3577 319 3632 amoenam
332 3615 339 3629 .
352 3615 359 3630 .
374 3577 529 3640 Musarum
544 3577 641 3632 tulisti.
668 3577 783 3634 Fratres
795 3578 856 3646 ejus
868 3576 1004 3644 Magnum

93 3643 246 3714 Claudius,
268 3645 402 3702 crossum
424 3645 507 3702 Nero.
523 3649 740 3716 intersererem
768 3649 829 3721 ipso
853 3647 901 3704 din
924 3639 1004 3698 easul

2 3759 3 3766 ,
88 3715 203 3775 foena.
