2214 3986
136 289 188 350 166
414 289 447 346 G.
464 287 579 344 CORN.
597 286 733 344 'raom
819 303 849 340 s.
867 303 895 343 u.
915 302 943 350 c,
956 279 1032 342 w.

138 454 201 512 quse
222 437 353 496 crebrior
371 435 509 504 fumavest,
524 439 602 511 ‘qud
616 439 737 494 nitentes
751 453 783 492 ac
795 435 965 509 proqremos
978 435 1030 494 de·

138 514 323 588 ‘pellerent'
365 513 433 570 inde
455 514 647 588 lapsus'ignis
674 513 702 569 iu
725 512 863 587 portiom,
888 513 1031 587 appositas

138 591 245 650 sedibus
257 614 263 648 :
284 609 349 650 mor
359 591 528 665 sustinentes
539 589 678 664 fastigium
689 589 789 664 aquile
794 589 814 657 ,1
830 596 932 647 vetere
943 590 1030 664 liguo,

138 675 284 726 traxerunt
296 669 443 734 flammam,
458 668 655 742 alueruntque.
697 669 742 724 Sic
756 666 940 741 Capitolium,
954 669 1031 726 cleu·

138 745 175 804 sis
189 744 307 814 foribus,
320 743 497 803 indefensum
510 752 540 803 et
552 745 736 820 indireptum,
750 743 944 818 conflagravit.

176 821 295 878 LXXII.
337 824 370 879 ld
390 820 496 879 tlemus
515 830 579 898 post
599 823 740 879 conditam
762 823 865 878 urbem
883 821 1033 880 luctuosis·

138 899 237 958 simum
260 898 500 974 foedissimumque
526 901 633 975 populo
658 899 783 958 Romano
806 899 931 956 accidit:
956 901 1033 956 nullo

114 973 121 998 “
139 983 257 1036 externo
278 979 371 1044 hoste,
391 977 531 1051 propitiis,
552 977 576 1035 si
600 994 654 1051 per
671 981 898 1036 mores'nostros
918 977 1032 1044 liceret,

139 1053 209 1122 deis,
230 1055 328 1120 sedem
345 1053 426 1111 lovis
447 1054 555 1128 optimi,
570 1049 695 1123 maximi,
717 1054 861 1138 auspicati
882 1073 899 1110 a
918 1053 1046 1128 majori-¹

139 1132 201 1199 bus,
229 1132 330 1207 pignus
363 1131 502 1206 imperii?
527 1132 677 1198 conditam,
708 1151 790 1206 quam
816 1150 873 1190 uon
907 1131 1036 1190 Porsena

139 1207 233 1268 dedu
258 1210 342 1280 urbe,
363 1227 456 1284 neque
478 1209 553 1268 Galli
578 1211 672 1284 capti,
697 1209 851 1266 temerare
865 1209 1035 1282 potuissent,

139 1283 239 1344 surore
263 1286 427 1361 Principum
448 1287 597 1344 exscindi!
647 1287 764 1342 Auserat
786 1293 816 1342 et
836 1287 898 1345 onte
918 1285 1035 1362 Capito-

141 1363 209 1420 lium
243 1364 325 1421 eivili
364 1364 452 1429 bello,
482 1364 545 1424 sed·
571 1361 672 1423 fraude
711 1364 840 1438 privati:
875 1381 952 1420 nunc
986 1383 1036 1440 pe·
1067 1393 1069 1398 ·

141 1441 196 1498 lam
227 1441 384 1507 obsessum,
418 1441 510 1514 palam
551 1441 713 1498 incessum:
756 1441 856 1514 quibus
890 1459 1035 1512 armorum

141 1516 258 1574 causis?
292 1533 347 1589 quo
373 1521 458 1572 tautae
484 1517 570 1574 cladis
595 1519 693 1591 pretio
719 1515 837 1574 stetitt³
867 1535 921 1591 pro
945 1519 1045 1593 patrii,

140 1593 334 1650 bellavimus?
384 1591 514 1649 Voverut
537 1593 711 1669 Tarquinius
739 1593 852 1652 Priscus
878 1613 931 1652 rex
958 1597 1037 1652 bello

58 1697 63 1710 ¹
95 1705 98 1712 ·
140 1669 267 1739 Sabiuo3
297 1669 465 1743 jeceratque
498 1668 688 1740 fundamenta,
727 1689 779 1746 spe
812 1671 897 1744 magis
931 1671 1037 1730 futurae

140 1745 345 1819 magnitudinis,
364 1747 448 1820 quim
469 1766 526 1821 quo
544 1749 662 1806 modicae
682 1749 774 1808 adhuc
795 1749 893 1823 populi
914 1747 1037 1808 Romani

141 1826 188 1877 res
202 1819 373 1880 sufficerent.
415 1823 484 1880 Mox
499 1825 615 1882 Servius
630 1825 754 1893 Tullius,
768 1827 910 1882 sociorum
924 1827 1037 1900 studio;

140 1897 243 1955 deinde
275 1899 446 1975 Tarquinius
477 1903 633 1977 Superbus,
660 1911 741 1978 capta
766 1903 869 1960 Suessi
896 1901 1036 1972 Pometii,

38 2022 40 2028 ,
140 1974 264 2044 hostium
284 1979 381 2053 spoliis
400 1987 581 2041 exstruxere.
634 1981 690 2038 Sed
712 1981 802 2054 gloria
826 1980 932 2054 operis,
946 1981 1036 2037 liberss

141 2053 191 2108 tati
212 2063 376 2122 reservata:
398 2057 487 2131 pulsis
510 2057 636 2130 regibus,
650 2056 788 2116 Horatius
809 2056 961 2124 Pulvillus,
983 2058 1036 2113 ite·

141 2145 205 2184 rum
225 2134 334 2197 consul,
355 2133 506 2198 dedicavit,
526 2136 560 2186 et
577 2133 793 2204 magnificentie,
808 2149 893 2206 quam
917 2132 1036 2189 immen-

127 2207 181 2260 'sae
202 2215 300 2278 postea
318 2206 416 2280 populi
440 2206 557 2264 Romani
583 2208 646 2282 opis
668 2215 803 2266 ornarent
823 2207 928 2282 potitis,
952 2210 1036 2283 quim

142 2287 286 2350 augerent.
329 2282 431 2335 lisdem
452 2301 549 2336 rursus
571 2284 696 2355 vestigiis
716 2285 799 2340 situm
819 2292 873 2351 est,
886 2290 1036 2360 postquam

141 2353 290 2426 interjecto
312 2373 454 2422 ccccxxv,
479 2375 615 2413 annorum
641 2359 758 2433 spatio,4
777 2360 810 2416 L.
833 2360 977 2434 Scipione,
998 2362 1033 2419 C.

141 2428 277 2488 Norbano
298 2431 469 2501 consulibus,
488 2432 666 2510 flagraverat.
715 2436 822 2494 Curam
842 2438 937 2496 victor
957 2439 1036 2496 Sulla

136 2581 137 2587 ,
177 2542 193 2594 1
213 2539 378 2595 &retinentes
393 2542 543 2613 fastigium
565 2545 677 2614 Aquilo.
701 2537 703 2546 l
726 2547 773 2600 Sic
796 2549 887 2614 dictte,
910 2551 985 2617 quud
1004 2550 1034 2602 in

143 2611 298 2680 aquilarum
310 2613 442 2668 similitud
491 2631 519 2666 m
531 2615 729 2682 effigiarentur.
873 2665 881 2672 .
1020 2641 1023 2650 ’

176 2683 195 2734 2
212 2679 323 2750 Pignus
336 2681 440 2752 imperio
513 2683 813 2752 bceput‘humanum,
826 2688 899 2755 quod
912 2686 1033 2757 apaten-

142 2750 213 2808 titio
217 2753 399 2820 fundamenta
411 2752 500 2822 templi
511 2752 611 2808 dicitur
622 2755 781 2824 apparuisse
793 2775 803 2819 ,·
821 2773 878 2825 que
895 2756 957 2810 uisa
974 2775 1031 2827 ope·

142 2820 279 2880 oieshaud
292 2839 342 2890 por
359 2823 483 2892 andeg-es
503 2841 586 2878 urcem
600 2841 658 2877 eum
671 2824 786 2894 imperii,
799 2832 929 2896 caputque
947 2845 1032 2880 rerum

138 2893 196 3013 'soli
204 2892 670 3032 pprtupqppqqt.daqgrqqeqotpidit2
707 2964 869 3018 lectionem
882 2981 1031 3034 represen-

142 3040 234 3084 tamus
246 3045 311 3082 mss.
324 3043 351 3083 et
362 3032 509 3088 ,editorum
527 3043 592 3084 aute
610 3033 787 3099 Rhenauum
798 3053 818 3088 e
827 3052 884 3102 quo
898 3053 953 3089 vox
964 3036 1032 3090 stetit

141 3099 290 3161 inducitur,
302 3099 356 3151 hoo
369 3116 461 3165 sensu,
473 3105 527 3169 qut
539 3107 617 3154 tantu
635 3120 769 3170 umquem
787 3105 866 3158 clade
877 3121 930 3172 pro
943 3107 1032 3173 petris

141 3168 327 3292 lgglspirlqus?
364 3169 417 3229 Pro
430 3187 480 3240 quo
492 3173 601 3238 reponit
613 3173 678 3241 quid
691 3173 860 3238 Gronovius,
872 3191 957 3242 quem
969 3175 1030 3229 ride

190 3276 196 3290 ·
228 3276 239 3301 s
280 3277 287 3290 ·
404 3297 409 3302 .

177 3306 194 3356 d
213 3306 348 3374 Iomrjeeto
364 3306 622 3376 quadringentorum
633 3311 783 3380 quindecim
794 3329 923 3366 cunerem
935 3313 1028 3383 spatio.

58 3439 63 3450 Ι
143 3370 241 3424 Monet
253 3374 376 3440 Ryckius
392 3377 543 3445 legendum
561 3380 816 3450 quadringentorum
833 3381 936 3450 uiginti
954 3382 1029 3453 quin-

143 3452 201 3500 ⁹²⁵⁰·
237 3441 281 3496 Ab
301 3458 374 3496 anuo
391 3447 470 3498 enim
482 3445 541 3496 247.
555 3465 609 3515 quo
629 3449 763 3508 Horatius
784 3449 1029 3508 hilvitlusjteum

144 3502 249 3577 consul,
262 3506 297 3582 ed
315 3525 420 3570 sunum
437 3511 497 3568 671.
516 3529 571 3586 quo
583 3515 615 3572 L.
635 3518 738 3590 Scipio,
750 3519 782 3579 C.
794 3519 948 3581 Norbanus
960 3537 1030 3580 coss·

142 3565 231 3633 elapsi
242 3571 365 3628 totidem.
466 3595 469 3598 ·
695 3589 699 3594 “
815 3615 820 3626 ·
897 3639 901 3646 .
1020 3637 1023 3642 -
