2252 3958
105 327 128 372 t.
141 334 166 372 c.
178 315 220 374 67.
325 317 480 376 meson.
499 317 571 375 Lm.
590 319 742 378 ramus.
959 319 993 380 dl

106 461 239 538 effugium
257 463 343 523 dedit.
386 465 451 524 Piso
464 466 493 524 in
506 467 597 526 edom
613 465 711 526 Vestes
731 464 869 542 pervasit,
887 481 992 542 excep-

104 543 206 616 tusque
226 542 421 602 misericordia
440 544 545 619 publici
563 545 649 614 serui,
672 551 701 602 ct
723 543 910 602 contubernio
933 543 993 619 ejas

104 617 222 686 abditus,
242 637 298 674 non
319 619 466 694 religione,
479 639 540 678 nec
560 621 738 690 caerimoniis,
759 619 810 678 sed
823 621 930 678 latebra
943 620 993 678 im·

103 693 211 752 minens
224 695 341 753 exitium
354 695 521 756 differebat:
543 697 607 758 cum
625 699 777 766 advenere,
798 697 883 756 missu
904 697 993 756 Otho·

103 769 156 839 nis,
179 773 340 830 nominatim
354 774 382 830 in
400 774 508 831 caedem
532 775 594 850 ejus
614 775 754 844 ardentes,
773 775 913 849 Sulpicius
925 775 993 832 Flo·

103 863 162 916 rus,
176 867 192 906 e
206 849 374 907 Britannicis
387 851 561 919 cohortibus,
575 870 668 928 nuper
680 871 695 908 a
708 852 799 908 Galba
811 851 925 908 civitate
941 853 994 911 do·

102 934 191 994 natus,
213 934 242 985 et
252 927 357 984 Statius
371 925 498 997 Murcus,
519 929 699 1002 speculator:
722 928 851 1004 aquibus
866 935 992 1003 procac-

102 1005 145 1059 tus
160 1002 237 1071 Piso,
252 1004 281 1059 in
294 1003 514 1080 foribustempli
527 1005 690 1062 trucidatur.

140 1078 245 1136 XLlV.
287 1078 402 1139 Nullam
411 1080 518 1136 caedem
526 1080 603 1138 Otho
611 1083 716 1156 majore
727 1082 823 1140 laetitia
833 1083 991 1159 excepisse,

102 1156 211 1211 nullum
231 1162 318 1229 caput
336 1162 392 1211 tam
411 1155 608 1212 insatiabilibus
629 1159 716 1214 oculis
726 1160 910 1234 perlustrasse
923 1160 992 1218 dici-

102 1237 167 1288 tur:
190 1249 241 1288 seu
265 1239 325 1288 tum
347 1231 468 1308 primiim
488 1232 581 1288 levata
601 1251 676 1290 omni
701 1235 878 1292 solicitudine
902 1253 992 1306 mens,

100 1327 206 1366 vacare
215 1308 316 1382 gaudio
330 1315 475 1384 coeperat:
497 1327 548 1366 seu
558 1309 715 1368 recordatio
728 1309 993 1385 majestatisinfiil

101 1386 147 1455 ba,
171 1385 302 1442 amicitias
329 1387 358 1443 in
383 1385 420 1442 T.
439 1385 534 1454 Vinio,
561 1387 687 1462 quamvis
712 1387 850 1445 immitem
874 1388 996 1450 animum

101 1463 219 1537 imagine
233 1463 307 1520 tristi
321 1462 496 1520 confuderat.
539 1458 659 1534 Pisonis,
679 1470 711 1522 ut
724 1464 828 1522 inimici
842 1473 872 1522 et
890 1466 993 1537 emuli,

101 1541 180 1598 caede
192 1539 294 1608 laetari,
303 1541 352 1616 jus
366 1539 465 1616 sasque
478 1541 622 1599 credebat.
664 1539 788 1612 Praelixa
795 1543 884 1600 contis
898 1543 992 1618 capita

100 1619 291 1692 gestabantur,
318 1619 393 1675 inter
415 1617 491 1690 signa
510 1619 679 1690 cohortium,
697 1620 781 1694 juxta
801 1620 929 1696 Aquilam
950 1622 991 1678 le-

98 1695 199 1768 gionis,
223 1696 351 1752 certatim
371 1696 572 1754 attentantibus
584 1703 714 1754 cruentas
727 1713 834 1766 manus,
854 1699 902 1772 qui
916 1697 992 1756 occi·

99 1772 209 1841 derant,
223 1773 272 1847 qui
279 1771 476 1841 interfuerant,
490 1773 538 1849 qui
551 1773 631 1842 rere,
645 1774 693 1848 qui
703 1771 787 1844 falsb,
800 1781 831 1830 ut
840 1773 992 1850 pulchrum

99 1855 129 1908 et
142 1850 326 1908 memorabile
339 1849 458 1919 facinus,
474 1850 624 1925 jactabant.
666 1849 766 1908 Plures
780 1852 863 1927 qnam
876 1857 993 1909 centnm

99 1933 129 1991 et
142 1926 248 2000 vigintii
261 1928 374 1984 libellos
387 1927 504 2002 praemin
517 1927 742 2002 exposcentium,
758 1927 795 1984 ob
808 1928 927 2003 aliquam
940 1945 991 1986 no·

98 2003 214 2062 tabilem
226 2004 275 2062 illa
294 2004 341 2062 die
365 2005 491 2080 operam,
513 2003 645 2060 Vitellius
664 2010 765 2080 postea
786 2005 909 2062 invenit:
932 2021 995 2069 orn.

96 2078 991 2235 deeffinifonfficffinffiedfidiejffiimffiffirssffi'

561 2200 569 2227 t
981 2199 990 2228 ³

98 2237 127 2294 iu
143 2243 289 2312 posterum
302 2235 461 2306 ultionem.¹
762 2235 769 2247 ⁶

137 2313 227 2372 XLV.
268 2315 362 2372 Alium
387 2315 523 2372 crederes
548 2319 686 2382 senatum,
719 2312 803 2372 olium
829 2313 989 2390 populum:

97 2391 185 2450 ruere
205 2393 299 2456 cuncti
322 2393 351 2450 in
373 2399 473 2462 castra,
495 2392 602 2451 anteire
624 2391 779 2468 proximos,
801 2399 914 2450 certare
927 2410 992 2453 cum
1046 2449 1050 2466 ,

96 2471 348 2546 praecurrentibus,
369 2467 519 2546 increpare
533 2471 662 2540 Galbam,
684 2470 802 2528 laudare
815 2470 935 2528 militum
943 2469 991 2545 ju-

94 2545 210 2617 dicium,
237 2549 394 2606 exosculari
414 2549 542 2606 ‚Othonis
563 2565 686 2615 manum,
713 2549 819 2622 quantb
839 2565 877 2605 ue
903 2546 989 2622 magis

94 2623 165 2683 salsa
179 2633 269 2693 erant,
283 2643 347 2698 quae
360 2625 474 2694 fiebant,
487 2627 565 2682 tantb
574 2627 656 2699 plura
665 2623 772 2681 facere.
814 2567 879 2682 dec
892 2639 989 2697 asper·

93 2704 215 2759 nabetur
227 2701 350 2771 singulos
365 2700 461 2768 Otho„
477 2700 589 2755 avidum
610 2707 638 2755 et
650 2701 788 2754 minacem
801 2699 920 2754 militum
934 2698 990 2756 ani·

93 2795 185 2845 mum,
199 2793 272 2832 uoce
286 2775 422 2850 vultuque
436 2782 608 2848 temperans.
650 2771 772 2830 Marium
784 2773 911 2843 Celsum,
924 2791 991 2830 con·
1098 2820 1115 2844 ,

94 2855 190 2916 sulem
203 2852 386 2927 designatum,
411 2857 440 2910 et
452 2850 552 2908 Galba
566 2869 655 2928 usque
670 2851 698 2906 in
712 2855 851 2908 extremas
865 2869 912 2908 res
924 2849 991 2908 ami·

95 2951 163 2997 cum
182 2930 337 3007 fidumque,
361 2929 395 2988 ad
415 2929 585 3006 supplicium
605 2929 828 3006 expostulabant,
848 2927 991 2988 industrias

134 3099 147 3144 l
168 3090 375 3220 intepicp’lp'osait
386 3131 393 3147 .
406 3132 414 3146 .
427 3132 434 3146 .
445 3091 637 3148 munimntum
646 3093 683 3148 nd
689 3094 853 3164 premio
856 3099 991 3165 posterum

97 3161 232 3218 ultionem.
298 3180 338 3217 aec
357 3163 432 3218 dicta
451 3181 502 3233 per
514 3164 725 3234 appositionem.
761 3164 804 3218 De
817 3167 850 3218 iis
862 3165 992 3218 omnibus

96 3232 226 3288 Vitellius
247 3233 414 3301 supplicium
434 3235 562 3302 sumpsit,
585 3249 643 3286 non
660 3244 691 3288 ut
711 3234 808 3287 Galbae
827 3233 992 3286 mnneehae

97 3303 222 3357 vindicta
233 3303 348 3369 coleret,
361 3305 410 3357 sed
423 3313 462 3357 ns
507 3314 555 3356 snt
567 3305 707 3375 principes
719 3304 818 3371 punire
835 3315 933 3354 onmes
949 3301 991 3354 in·

97 3373 262 3433 terfectores
274 3373 439 3442 principum,
463 3389 500 3440 qu
534 3373 627 3440 stipsi
639 3374 668 3426 in
679 3387 802 3440 praesens
813 3371 867 3424 sint
879 3369 915 3422 ab
926 3369 992 3424 insi·

98 3442 152 3496 diis
160 3442 320 3510 hujusmodi
328 3445 453 3507 tutiores,
464 3453 491 3494 et
499 3443 655 3511 successori
663 3439 823 3508 exemplum
830 3439 994 3504 ulciscendi,

97 3511 122 3564 si
143 3511 210 3579 quid
230 3511 296 3580 ipsis
309 3512 470 3582 contigerit,
483 3512 636 3579 proebeant.
671 3509 716 3563 Ita
728 3509 887 3564 Gronovius
898 3509 994 3567 losum

11 3599 12 3604 ¹
96 3581 174 3642 bunc
187 3591 286 3638 eontra
298 3579 426 3651 lipsium
438 3591 467 3635 et
478 3581 550 3636 alios
560 3588 734 3638 correctores
745 3578 871 3638 about.
932 3636 935 3646 ,
