2254 3960
113 347 168 404 am
414 353 447 407 c.
465 349 729 420 oouu.ractr1
809 368 852 412 a.
872 367 900 406 s.
921 363 945 406 c.
962 351 1028 406 sao.
1115 329 1118 420 ζ

107 501 125 529 '‘
140 513 202 554 rum
225 497 399 556 exercituum
421 498 566 568 terminos,
578 495 670 578 finem*
684 495 850 566 Britannia,
864 516 916 554 non
936 489 1028 565 fame,
1117 465 1118 532 l

115 579 124 606 ‘
139 591 193 630 nec
207 593 330 642 rumore,
345 573 393 630 sed
406 575 502 632 castris
517 581 545 632 et
559 575 644 632 armis
652 581 791 634 tenemus.
833 575 947 632 lnventa
955 573 1029 642 Bri·

115 651 241 719 ‘tannia
252 659 281 708 et
300 653 420 708 subacta.
462 651 601 787 Equidem
621 649 699 726 sae'pe
712 652 741 709 in
761 651 879 724 agmine,
893 653 954 710 cium
972 671 1031 708 vos

115 733 124 760 ‘
139 729 265 802 paludes,
279 735 434 797 montesve,
444 736 473 785 et
508 731 601 786 nmina
613 727 769 802 fatigarent,
778 727 921 786 fortissimi
930 728 1031 803 cujus·

114 811 194 878 ‘que
220 824 303 862 voces
330 804 488 874 audiebam,
513 807 627 881 quando
652 806 763 863 dabitur
788 806 888 884 hastis,
915 806 1033 880 quando
1117 865 1118 882 ἦ

115 887 124 914 ‘
139 881 237 938 acies?
276 879 401 939 Veniunt
415 884 431 940 ὲ
451 884 567 940 latebris
580 883 638 939 suis
652 883 758 940 extrusi
772 905 779 938 :
802 889 831 940 et
844 881 1033 949 votavirtus-
1117 889 1118 906 ¹

114 963 122 991 ‘
137 977 192 1031 que
207 957 235 1016 in
255 966 367 1032 aperto,
381 959 533 1040 omniaque
545 979 635 1035 prona
648 960 813 1027 victoribus,
828 967 911 1034 atquc
925 959 1035 1018 eadem
1117 955 1118 986 i

113 1041 122 1068 ⁶
136 1034 219 1092 victis
230 1035 358 1092 adversa.
399 1035 484 1107 Nam,
496 1045 525 1094 ut
538 1055 687 1112 superasse
698 1045 802 1094 tantum
812 1036 931 1102 itineris,
940 1036 1035 1094 silvas

114 1113 273 1182 ‘evasisse
295 1115 428 1170 transisse
450 1115 587 1182 aestuaria,
611 1103 763 1189 pulchrum
780 1132 820 1180 ac,
836 1112 973 1168 decorum
1003 1114 1036 1170 in

113 1197 122 1224 ‘
137 1187 259 1248 frontem
271 1213 278 1262 3
293 1191 332 1246 ita
342 1189 508 1265 fugientibus
517 1191 764 1266 periculosissima,
776 1196 838 1264 que
848 1189 931 1246 hodie
941 1209 1034 1263 pros-

115 1269 263 1342 ‘perrima
284 1275 357 1324 sunt.
399 1267 501 1343 Neque
523 1269 597 1325 enim
619 1268 698 1324 nobis
719 1275 765 1324 aut
784 1268 910 1324 locorum
925 1267 1035 1324 eadem

115 1353 123 1378 ‘
139 1345 245 1412 notitia,
260 1353 306 1402 aut
319 1353 521 1406 commeatuum
535 1345 634 1403 eadem
647 1345 830 1402 abundantia:
852 1345 901 1400 sed
915 1363 1035 1414 renue,

114 1429 167 1478 ‘et
181 1441 268 1490 arma,
282 1430 311 1478 et
324 1422 352 1479 in
366 1421 409 1479 his
424 1423 524 1480 omnia.
567 1423 649 1492 Quod
663 1422 697 1478 ad
710 1441 755 1477 me
770 1423 877 1489 attinet,
893 1421 949 1496 jam
967 1423 1034 1494 pri·
1117 1431 1118 1436 ’

115 1497 202 1562 ‘dem
222 1500 290 1564 mihi
310 1499 456 1562 decretum
477 1507 529 1567 est,
543 1517 637 1574 neque
660 1499 812 1565 exercitds,
832 1517 923 1572 neque
943 1497 1042 1556 ducis·
1117 1503 1118 1554 i

115 1584 122 1609 ‘
138 1581 216 1649 terga
229 1584 286 1632 tuta
300 1595 373 1632 esse.
415 1575 535 1632 Proinde
549 1583 577 1632 et
591 1575 710 1632 honesta
723 1594 799 1631 mors
813 1575 887 1648 turpi
902 1574 956 1629 rittr
974 1594 1035 1648 po·

114 1658 123 1685 ‘
137 1653 210 1722 tior;
233 1660 261 1708 et
273 1653 447 1708 incolumitas
460 1671 492 1710 ac
506 1653 604 1720 decus,
615 1653 715 1709 eodem
728 1652 792 1708 loco
806 1652 858 1708 sita
867 1659 945 1707 sunt:
970 1671 1036 1710 nec
1117 1679 1118 1714 3

114 1729 286 1817 finglorium
306 1726 401 1797 fuerit,
416 1728 444 1785 in
465 1729 527 1804 ipso
546 1735 688 1788 terrarum
708 1747 740 1786 ac
753 1736 860 1786 nature
879 1727 935 1792 fine
947 1729 1035 1788 ceci·
1117 1745 1118 1812 j

114 1813 122 1839 ‘
138 1805 232 1864 disse'
763 1851 766 1860 .

158 1883 293 1942 XXXIV.
334 1893 342 1923 ⁶
358 1886 387 1942 Si
400 1905 483 1944 nova
496 1883 594 1959 geaten
604 1893 686 1959 atque
697 1884 789 1956 ignota
803 1881 877 1938 acies
889 1879 1044 1946 constitis·
1117 1905 1118 1922 κ

119 1969 205 2034 ‘eet3
227 1965 345 2022 aliorum
359 1965 535 2022 exercituum
556 1961 693 2034 exemplis
713 1979 765 2018 vos
785 1961 933 2015 hortarer:
956 1975 1044 2014 nunc
1117 1963 1118 2036 ᾗ

120 2047 128 2073 ‘
144 2049 239 2099 vestra
252 2042 355 2100 deeora
369 2039 529 2107 recensete,
542 2047 654 2097 vestros
671 2037 767 2093 oculos
785 2037 966 2118 interrogate.
1018 2033 1045 2090 li
1117 2059 1118 2064 ¹

120 2121 128 2152 ‘
143 2127 217 2186 suut,
232 2139 301 2194 quos
315 2119 444 2193 proximo
458 2137 539 2184 anno,
553 2135 634 2192 unam
645 2115 785 2187 legionem
795 2111 870 2170 furto
881 2116 979 2166 noctis·
989 2112 1043 2177 ad·
1117 2157 1118 2186 p

120 2201 128 2227 ⁸
142 2214 264 2267 gressus,
278 2198 402 2256 clamore
422 2194 600 2251 debelltstis:
623 2192 642 2247 ii
655 2174 1044 2273 ceterorufflritannorum

104 2277 127 2343 .‘
143 2271 329 2345 fugacissimi3
350 2273 471 2346 ideoque
485 2271 588 2326 tamdiu
601 2263 776 2343 superstites.
818 2262 968 2334 Quomodo
985 2265 1043 2320 sil·
1117 2281 1118 2316 ;

120 2355 190 2402 ‘vas
202 2349 345 2420 saltusque
360 2347 582 2420 penetrantibus,
596 2345 776 2413 fortissimum
787 2342 916 2417 quodque
927 2340 1043 2398 animal
1069 2367 1074 2374 ·
1117 2345 1118 2350 ’

120 2431 127 2457 ‘
143 2424 240 2482 contra
254 2441 350 2490 ruere,
366 2423 465 2496 pavida
478 2432 506 2478 et
519 2423 619 2478 inertia
632 2423 694 2496 ipso
709 2421 822 2493 agminis
837 2435 903 2474 sono
916 2417 1042 2490 pellun-

120 2509 127 2536 ‘
143 2509 207 2572 tur;
229 2502 269 2559 sic
284 2501 413 2558 acerrimi
427 2499 624 2556 Britannorum
640 2499 700 2573 jam
714 2497 824 2572 pridem
844 2493 1018 2552 ceciderunt
1035 2518 1041 2550 :

120 2582 269 2654 ‘reliquus
291 2586 334 2635 est
355 2573 487 2634 numerus
508 2575 671 2649 ignavorum
692 2582 720 2631 et
733 2572 1043 2644 metuentium,:„quos
1117 2577 1118 2638 l

119 2665 127 2690 ⁶
143 2659 219 2732 qubd
232 2656 343 2714 tandem
363 2655 518 2718 invenistis,
533 2673 587 2710 non
602 2651 775 2718 restiterunt,
795 2650 846 2709 sed
859 2645 1043 2722 deprehensi
1117 2673 1118 2714 l

120 2743 206 2794 ‘sunt
220 2734 384 2792 novissimi:
408 2751 454 2788 res
469 2738 497 2786 et
517 2739 645 2786 extremo
666 2737 742 2790 metu
763 2745 884 2800 corpora
902 2721 1042 2804 defixere
1117 2735 1118 2790 t

119 2820 127 2846 ‘
142 2813 170 2870 in
185 2813 227 2870 his
242 2811 376 2885 vestigiis,
391 2809 418 2864 in
434 2809 534 2884 quibus
546 2807 695 2882 pulchram
709 2813 738 2862 et
748 2803 928 2878 spectabilem
939 2800 1041 2859 victo·
1117 2807 1118 2874 ]

120 2890 213 2946 ‘riam
227 2889 359 2946 ederetis.
401 2885 561 2958 Transigite
583 2902 647 2940 cum
668 2881 895 2958 expeditionibus
911 2871 922 2948 3¹
939 2877 1041 2953 impo-
1117 2903 1118 2908 ¹

37 3005 39 3012 ·
121 2976 128 3000 ‘
142 2967 199 3022 nite
209 2965 403 3040 quinquaginta
414 2963 490 3020 annis
500 2960 730 3034 magnumdiem3
752 2958 904 3032 adprobate
914 2953 1040 3028 reipub·

119 3043 204 3100 ‘lica
228 3061 378 3116 numquam
405 3039 543 3096 exercitui
563 3038 694 3112 imputari
718 3037 854 3112 potuisse,
874 3039 919 3090 aut
938 3049 1041 3090 moras

120 3129 127 3155 ‘
142 3121 220 3184 belli,
235 3127 281 3174 aut
294 3137 391 3176 causas
406 3116 582 3174 rebellandi?

157 3189 278 3250 XXXV.
320 3195 366 3268 Et,
379 3195 546 3268 adloquente
561 3193 651 3250 adhuc
665 3189 806 3264 Agricola,
814 3189 933 3246 militum
945 3187 1042 3245 ardor

119 3270 268 3342 eminebat,
278 3279 308 3326 et
317 3271 402 3326 linem
415 3270 547 3326 orationis
561 3270 657 3343 ingens
671 3267 799 3324 alacritas
813 3271 963 3322 consecuta
978 3274 1040 3334 est,

118 3345 266 3416 statimque
280 3346 313 3399 ad
331 3365 407 3402 arma
428 3347 593 3402 discursum.
636 3345 783 3402 Instinctos
807 3348 981 3416 ruentesque
997 3341 1041 3399 ita

118 3413 264 3483 disposuit,
280 3426 308 3474 nt
322 3422 447 3491 peditum
461 3421 572 3488 auxilia,
584 3441 648 3496 qum
660 3429 724 3478 octo
738 3421 824 3477 millia
837 3427 929 3486 erant,
942 3419 1038 3475 medi·
1117 3437 1118 3450 ¹

120 3499 164 3536 am
177 3488 265 3543 aciem
279 3491 442 3552 firmarent:
465 3496 591 3572 equiturn
609 3499 664 3557 tria
677 3497 774 3567 millia,
788 3497 922 3556 cornibus
936 3494 1038 3554 adsun-
