2254 3960
144 263 199 320 226
418 263 450 320 G.
464 257 582 333 CORN.
606 261 740 320 raom
850 280 878 318 t.
889 279 917 320 u.
930 277 954 318 c.
973 257 1045 322 ΘΒ.

147 402 313 478 Vespasiani
332 402 465 478 adiguntl
505 401 588 472 Haec,
609 400 761 458 Valentino
784 401 909 470 absente,
932 407 1043 476 gesta:

148 482 207 558 qui,
233 481 282 538 ubi
308 481 483 546 adventabat,
508 477 618 545 furens,
632 485 791 552 cunctaque
814 497 909 538 rursus
928 478 957 535 in
977 486 1045 538 tur·

147 559 198 615 bas
224 564 253 614 et
278 555 393 614 exitium
417 571 619 622 conversurus,
645 554 771 626 legiones
796 554 827 612 iu
847 554 1044 612 Mediomatri-
1117 615 1119 628 ¹

147 654 208 704 cos,
225 633 331 692 sociam
352 630 504 700 civitatem,
524 632 698 688 abscessere.
739 629 903 690 Valentinus
927 651 958 689 ac
977 633 1044 692 Tu·

148 719 195 769 tor
211 712 240 767 in
260 727 337 766 arma
359 706 508 769 Treveros
530 709 697 778 retrabunt;
719 707 819 764 occisis
842 707 988 765 Herennio
1007 728 1046 767 ac

146 787 276 846 Numisio
289 785 396 858 legatis,
417 787 475 860 qud
488 785 598 842 minore
613 803 665 860 spe
679 784 770 842 venire
784 792 928 844 cresceret
939 785 1044 846 rincu-

147 867 205 924 lum
218 863 344 921 sceleris.
400 897 402 902 ,

186 939 290 998 LXXI.
332 938 388 998 Hic
407 940 484 1003 belli
501 946 587 998 status
608 939 760 1008 erat,ci1m
780 937 896 998 Petilius
916 937 1044 999 Cerialis

147 1015 374 1093 Mongontiacum
387 1017 488 1076 venit:
510 1016 571 1092 ejus
592 1017 712 1074 aduentu
732 1025 837 1078 erecte
856 1036 931 1094 spes.
974 1017 1045 1092 lpse

148 1115 249 1172 pugnas
269 1096 379 1164 avidus,
400 1107 428 1154 et
450 1093 672 1162 contemnendis,
693 1096 777 1168 qu'am
799 1095 930 1154 cavendis
947 1093 1044 1152 hosti-

147 1173 201 1230 bus
219 1173 331 1243 melior‚
345 1172 452 1230 serocid
468 1172 622 1231 verborum
641 1169 758 1228 militem
781 1171 945 1230 incendebat
960 1193 969 1242 ;
993 1172 1047 1230 ubi

149 1253 271 1327 primiras
292 1252 425 1326 congredi
445 1250 580 1317 licuisset,
602 1249 706 1304 nullam
728 1247 831 1324 proelio
852 1268 956 1307 moram
981 1247 1046 1308 sac-

150 1335 239 1388 turus.
282 1325 418 1386 Delectus
441 1345 495 1402 por
514 1327 634 1382 Galliam
657 1326 777 1392 habitos,
791 1326 821 1387 in
843 1327 968 1385 civitates
995 1345 1046 1384 re·

150 1407 244 1475 mittit,
266 1424 299 1463 ac
325 1406 452 1462 nuntiare
473 1405 557 1479 jubet
580 1403 733 1460 ‘sufficere
759 1403 879 1479 imperio
903 1403 1046 1478 legiones,
1118 1465 1119 1490 1

150 1483 244 1540 ‘socii
265 1483 298 1538 ad
321 1482 414 1538 munia
435 1481 512 1555 pacis
535 1481 671 1547 redirent,
692 1481 797 1549 securi,
810 1479 889 1540 reiut
907 1479 1046 1538 confecto
1118 1497 1119 1556 ᾗ

151 1560 261 1624 ‘bello,
282 1558 355 1632 quod
383 1557 516 1614 Romanae
539 1576 637 1614 manus
658 1558 858 1632 excepissent?
898 1557 986 1614 drmit
1010 1577 1049 1616 ea
1118 1557 1119 1596 i

149 1652 197 1691 res
219 1635 366 1693 Gallorum
389 1635 581 1710 obsequium:
600 1653 663 1691 nam
682 1635 798 1709 recepta
816 1635 978 1710 juventute,
1000 1633 1048 1692 fn-

149 1711 229 1768 cilids
261 1710 365 1767 tributa
396 1712 569 1782 toleravere,
595 1712 744 1787 proniores
774 1713 808 1769 ad
833 1711 937 1780 officia,
960 1709 1050 1786 quaid
1118 1733 1119 1790 t

149 1789 364 1862 spernebantur.
418 1790 454 1845 At
474 1788 576 1847 Ciuilis
601 1796 631 1846 et
655 1788 808 1858 Classicus,
831 1790 880 1848 ubi
905 1788 1048 1864 ‘pulsum

150 1863 324 1933 ‘Tutorem
338 1885 427 1923 cassos
451 1863 610 1936 Treveros,
631 1875 733 1924 cuncta
755 1867 881 1922 hostibus
903 1885 1052 1940 prospera

150 1949 335 2015 ‘accepere:
358 1943 461 2018 trepidi
484 1964 516 2000 ac
536 1949 733 2016 properantes,
746 1940 812 1996 dum
832 1940 972 2016 dispersas
996 1962 1048 2002 su-

93 2053 102 2074 f
150 2025 255 2076 ‘orum
277 2021 374 2093 copias
400 2021 568 2088 conducunt,
590 2017 699 2074 crebris
726 2017 838 2074 interim
860 2018 960 2076 nuntiis
984 2018 1046 2079 Va.

119 2161 122 2173 ,
147 2095 309 2155 ‘lentinum
334 2114 482 2163 monuere,
508 2113 545 2151 ne
571 2113 685 2151 summae
713 2095 754 2150 rei
782 2095 939 2169 periculum
962 2093 1047 2155 face·

150 2172 239 2228 ‘ret’
280 2170 324 2227 Eo
346 2172 467 2245 rapidids
491 2171 621 2240 Cerialis,
642 2171 731 2228 missis
751 2172 780 2228 in
803 2170 1047 2245 Mediomatricos,

149 2247 198 2320 qui
210 2247 345 2302 breviore
367 2249 468 2304 itinere
491 2249 616 2320 legiones
636 2248 664 2304 in
681 2250 789 2306 bostem
803 2256 957 2316 verterent,
970 2267 1044 2307 con·
1117 2309 1118 2324 ,

149 2327 238 2376 tracto
264 2323 339 2393 quod
362 2331 424 2377 erat
447 2323 565 2381 militum
589 2325 758 2398 Mogontiaci
784 2332 971 2403 quantumque
996 2345 1046 2386 se·

148 2413 213 2452 cum
244 2403 450 2467 transvexerat,
483 2401 573 2458 tertiis
606 2403 704 2459 castris
736 2402 905 2478 Rigodulum
936 2403 1043 2477 venit3
1117 2407 1118 2460 1

149 2491 234 2548 quem
256 2474 349 2530 locum
373 2477 469 2549 magna
493 2477 690 2536 Treverorum
710 2499 790 2537 manu
814 2465 978 2538 Valentinus
999 2482 1048 2538 in·
1117 2501 1118 2548 Τ

148 2551 271 2618 sederat,
292 2552 431 2610 montibus
453 2561 498 2611 aut
521 2553 657 2613 Mosella²
679 2575 759 2613 amne
781 2567 916 2633 septum:
940 2563 968 2614 et
991 2559 1046 2615 ad·

148 2627 259 2686 diderat
279 2626 376 2697 fossas,
391 2630 543 2706 obicesque
563 2651 703 2690 saxorum.
744 2633 808 2692 Nec
822 2635 990 2692 deterruere
1006 2654 1046 2696 ea

149 2707 319 2764 munimenta
364 2705 518 2766 Romanum
563 2709 665 2767 ducem
700 2712 863 2786 ¹quominus
915 2711 1049 2787 peditem

148 2800 337 2859 perrumpere
358 2785 485 2860 juberet,
506 2785 631 2862 equitum
653 2787 742 2844 aciem
764 2788 793 2846 in
818 2788 922 2846 collem
947 2788 1044 2864 erige·

150 2866 206 2929 ret,
231 2869 329 2936 spreto
355 2863 447 2931 hoste,
474 2883 557 2938 quem
578 2870 691 2922 temere
717 2866 878 2934 collectum,
904 2865 976 2922 haud
1004 2867 1050 2926 its·

149 2936 214 2994 loco
228 2937 379 3012 juverint
398 2958 454 2996 non
475 2943 538 3014 plus
556 2941 612 2997 suis
625 2941 654 2998 in
667 2941 772 2999 virtute
786 2941 869 3000 foret.
910 2941 1049 3002 Paullum»

148 3030 236 3070 morae
258 3014 286 3070 in
309 3032 436 3081 ascensu,
457 3016 523 3074 dum
545 3017 659 3076 missilia
681 3019 802 3092 hostium
823 3019 1042 3094 prmvehuntur.

183 3167 252 3222 lse
268 3165 348 3250 ipses
364 3166 396 3221 in
410 3170 493 3250 ¹verba
517 3169 679 3240 Vespasiani
696 3170 824 3241 adigunt.
860 3171 906 3226 Ita
926 3171 1044 3240 quidem
1116 3215 1117 3251 p

148 3237 429 3374 agannszlsssrgmqmt
450 3236 604 3306 Ernestus3
622 3243 671 3294 sed
691 3241 768 3294 haud
788 3242 1044 3296 dubie-rescriben-

156 3436 158 3442 Ι
181 3369 355 3425 aMonttbm
374 3379 423 3428 aas
441 3377 564 3446 Moselld,
573 3380 591 3432 i.
604 3395 628 3433 s.
640 3380 781 3436 montibus
800 3339 957 3448 binciinde
977 3377 1040 3438 Mo·
1116 3399 1117 3452 t

147 3431 214 3487 aas
226 3451 307 3494 amne
320 3451 439 3513 septum.
710 3481 723 3504 .=
1116 3501 1117 3567 l
