2252 3958
24 299 28 324 ·
98 239 208 346 asos.
283 261 770 366 ·msros.u1nsnouunus.
899 364 905 376 ,
951 301 984 358 u
1092 335 1094 352 .

1090 353 1095 490 l

1086 539 1096 702 l

96 434 287 521 objectantes:
306 427 371 499 cirin
383 443 470 504 duces
483 445 605 520 partitus,
615 445 748 516 Othonis,
762 448 888 524 quamvis
900 449 985 508 uber·

97 513 163 580 rimi
177 515 369 576 conviciorum
382 520 410 582 in
424 519 569 578 Vitellium
582 525 709 594 materia,
723 525 905 583 abstinerent.
959 565 963 574 ·

131 587 237 648 XXXI.
265 593 352 662 ‚Sane
378 603 441 654 ante
462 597 608 674 utriusque
632 601 824 678 exitumque
845 602 985 676 egregiam

96 663 168 722 Otho
195 667 305 740 sunam,
332 669 464 730 Vitellius
490 673 739 750 flagitiosissimam,
760 697 909 751 meruere,
933 679 984 736 mi·

93 743 142 822 ηξε
156 741 253 803 Vitelli
268 743 377 819 ignavae¹
397 751 564 826 voluptates,
589 754 672 828 quim
693 754 812 815 Othonis
827 753 982 830 flagrantis·

92 819 169 902 simae
192 823 324 882 libidines
345 827 524 885 timebantur.
575 830 728 889 Addiderat
750 833 814 890 huic
840 841 982 891 terrorem

91 903 173 982 atque
185 901 279 1018 odiurp
287 901 380 989 caedes
391 903 508 990 Galbae3
529 909 638 975 contri,
651 909 691 964 illi
705 909 812 966 initium
821 910 889 966 belli
899 928 983 966 nemo

89 977 285 1120 slttltt.
298 977 573 1126 ,lttlllsl‘tlff
592 986 979 1132 ttttltlllttlttlt

87 1130 220 1202 sebatur,
244 1129 401 1204 conjunctis
425 1130 549 1189 Oaecinae
575 1153 606 1190 ac
632 1134 759 1194 Vfflentis
784 1141 883 1212 copiis,
906 1140 981 1196 nulla

87 1204 165 1260 ultra
178 1224 267 1281 penes
278 1205 444 1264 Vitellianos
456 1228 543 1277 mora,
558 1211 625 1286 quin
635 1213 700 1268 totis
711 1212 817 1268 viribus
828 1222 978 1272 certarent.

87 1279 166 1338 Otho
187 1284 372 1352 consultavit,
387 1294 399 1318 ‘'
409 1285 482 1360 trahi
502 1286 619 1355 bellum,
643 1309 676 1346 an
698 1287 837 1344 fortunam
856 1291 981 1364 experiri

88 1359 262 1432 ‘placeret’
318 1356 395 1420 Tum
416 1363 746 1436 SuetoniusPaullinus,
772 1365 884 1440 dignum
909 1365 981 1422 fami

87 1437 136 1495 sub
150 1443 237 1506 ratus,
252 1440 307 1514 qut
321 1457 404 1496 nemo
414 1440 463 1516 ills
475 1448 646 1518 tempestate
660 1441 786 1500 militaris
800 1441 842 1500 rei
853 1443 982 1502 callidior

87 1511 254 1584 habebatur,
268 1517 304 1573 de
318 1525 375 1574 toto
389 1536 494 1591 genere
508 1520 578 1577 belli
591 1539 711 1578 censere
723 1542 731 1586 ς
753 1517 978 1578 ‘festinationem

87 1597 94 1622 ‘
108 1590 247 1662 hostibus,
260 1605 367 1652 moram
381 1595 447 1669 ipsis
460 1597 567 1654 utilem’
581 1597 723 1656 disseruit.
768 1648 774 1663 .

123 1667 248 1728 xxxll.
296 1671 484 1729 ‘Exercitum
505 1673 603 1731 Vitelli
629 1671 793 1734 universum
819 1675 976 1744 advenisse,

87 1753 93 1777 ‘
109 1765 161 1806 nec
176 1749 294 1806 multum
307 1750 411 1806 virium
424 1768 440 1806 a
451 1746 543 1826 tergo,
564 1754 694 1825 quoniam
713 1751 814 1810 Gallias
829 1751 978 1822 tumeant,²

87 1829 94 1856 ‘
108 1832 136 1881 et
148 1827 288 1884 deserere
302 1825 395 1883 Rheni
409 1827 509 1902 ripam,
520 1828 674 1903 inrupturis
687 1836 742 1886 tarn
751 1827 857 1888 infestis
871 1831 976 1886 nation-

86 1908 93 1932 ‘
107 1901 180 1972 ibus,
196 1904 416 1966 noneonducnt:
438 1904 631 1962 Britannicum
643 1905 760 1964 militem
771 1906 852 1962 hoste
866 1915 896 1962 et
905 1906 976 1962 mari

85 1979 235 2054 ‘distineri
249 2004 255 2037 :
279 1979 428 2056 Hispanias
442 1983 525 2040 usmis
539 2001 595 2038 non
609 1982 646 2037 ita
660 1981 838 2038 redundare:
860 1981 975 2054 provin·

86 2058 179 2115 ‘eiam
197 2057 414 2119 Narbonensem
432 2058 547 2116 incursu
567 2059 663 2117 classis
684 2065 714 2114 et
736 2057 854 2120 adverso
876 2056 978 2132 proelio

85 2124 330 2205 ‘contremuissez
353 2137 476 2201 clausam
495 2135 624 2210 Alpibus,
645 2141 674 2192 et
694 2134 770 2190 nullo
790 2133 874 2189 maris
887 2133 976 2188 subsi-

24 2225 28 2242 ’
85 2211 161 2280 ‘dio,
188 2209 419 2288 Transpadanam
440 2209 555 2278 ltaliam,
577 2218 661 2288 atque
681 2211 743 2286 ipso
764 2209 880 2268 transitu
893 2227 975 2266 exer·

85 2289 92 2324 t
106 2287 175 2356 oitits
189 2296 298 2364 vastus,
309 2288 333 2346 2³
353 2307 409 2347 non
418 2286 598 2348 trumentum
614 2303 729 2365 usquam
743 2287 880 2348 exercitui
894 2309 901 2343 ε
922 2305 976 2356 neo

86 2366 93 2392 ‘
107 2366 265 2432 exereitum
278 2367 339 2427 siue
353 2366 442 2442 copiis
456 2368 577 2434 retineri,
594 2377 699 2442 posse.¹
729 2365 792 2424 iam
805 2366 975 2435 Germanos,
987 2380 992 2388 ·

85 2445 92 2470 ⁴
108 2443 182 2515 quod
194 2460 282 2518 genus
295 2444 414 2510 militum
425 2445 499 2517 apud
510 2445 606 2502 hostes
617 2444 819 2500 atrocissimum
827 2445 872 2510 sit,
886 2449 976 2498 tracto

62 2518 135 2592 “in
157 2528 283 2579 aestatem
303 2519 392 2587 bello,
416 2518 498 2574 fluxis
521 2520 700 2594 sor-poribus,
724 2519 903 2576 mutationem
922 2503 975 2573 sois

85 2597 227 2671 ‘caelique
242 2595 315 2650 haud
329 2588 508 2657 toleratistos,
530 2594 638 2649 'Multa
656 2595 734 2668 bella
752 2594 860 2675 impetu
874 2591 980 2658 vuilda,

84 2675 90 2700 ‘
106 2689 162 2746 per
174 2671 257 2726 taedia
268 2678 297 2724 et
309 2683 403 2724 moras
412 2668 571 2722 evanuisse.
593 2667 711 2732 Contra,
725 2667 793 2740 ipsis
806 2666 898 2721 omnia
906 2683 975 2740 opu·

84 2752 91 2778 ‘
106 2749 194 2814 lenta,
208 2752 238 2802 et
250 2743 326 2801 fida:
350 2739 529 2808 Pannoniam,
550 2739 689 2807 Moesiam',
714 2739 887 2809 Dalmatiam,
910 2741 975 2798 Ori·

85 2827 91 2852 ‘
107 2831 213 2892 entem,
235 2839 302 2879 cum
312 2817 428 2894 integris
442 2817 612 2876 exercitibus
626 2839 634 2889 ;
656 2816 771 2885 ltaliam,
792 2825 821 2872 et
834 2825 917 2898 caput
929 2836 975 2874 re·

86 2903 170 2966 ‘rum
191 2902 314 2978 urbem;
342 2902 528 2972 senatumque
549 2903 578 2954 et
597 2895 742 2972 populum,
766 2895 974 2969 uunquamob·

121 3029 136 3080 1
156 3021 340 3081 nuiumddzt
351 3021 593 3091 nemoimpntobol.
628 3020 716 3087 Atqui
724 3025 818 3073 t'amsn
828 3019 907 3074 oi'vils
917 3019 975 3073 bel·

87 3097 145 3151 lum
157 3113 174 3148 a
186 3096 297 3154 Visellio
308 3102 444 3162 ooeperstt
462 3093 522 3151 sed,
530 3094 554 3145 is
571 3089 830 3159 soil.·ob‘igrisvism
841 3100 869 3141 et
881 3101 974 3169 tprpo·

88 3183 146 3219 rem
157 3167 307 3234 putabatur
319 3181 336 3216 a
351 3161 417 3216 belli
429 3161 645 3233 oogitetionlbus
657 3161 771 3232 ebenus,
783 3169 812 3212 et
830 3174 847 3210 a
859 3173 916 3212 sum
928 3171 974 3212 co·

88 3247 388 3360 supusdadlnnipppppppt·
425 3299 458 3353 In
471 3262 895 3377 bellumerupturevideantun
934 3339 937 3345 .
974 3351 978 3362 ,

121 3373 140 3430 ³
157 3374 217 3442 lpse
227 3370 344 3426 transitu
354 3367 479 3423 medela
491 3375 602 3436 boemos.
622 3408 625 3415 .
639 3367 684 3432 lte
693 3367 767 3420 Flor.
780 3377 808 3420 st
819 3363 973 3446 Regblsajet

89 3443 230 3503 siofledidit
247 3442 274 3494 J.
290 3440 466 3506 Gronovius3
484 3457 547 3520 quae
565 3458 621 3504 vox
641 3439 752 3510 videtur
771 3436 977 3509 significantior¹

93 3501 95 3507 ¹
104 3497 110 3510 b
152 3505 153 3511 t
226 3505 228 3510 .

90 3508 170 3590 quun
178 3505 322 3584 'nilgatnn
333 3514 472 3576 vomam,
483 3533 487 3537 ⁴
