2214 3986
40 349 94 390 aa.
110 335 151 391 aa
236 333 390 390 maroe„
409 320 708 392 mas'ncuunus
880 331 919 392 ne

40 475 206 532 noscebatur.
247 473 283 531 Et
303 473 425 532 Triariae
444 475 596 543 licentiam,
619 474 777 532 modestam
790 489 807 530 e
820 473 916 549 proxi-

39 552 248 624 moexemplum
260 552 404 619 onerabat,
424 551 540 608 Galeria
560 551 737 626 imperatoris
755 567 838 616 uxor,
862 569 922 606 non·

39 625 152 690 immixta
176 627 299 684 tristibus
313 628 335 682 :¹
372 635 401 683 et
427 627 488 701 pari
514 628 666 702 probitate,
692 633 784 684 mater
806 624 918 682 Vitelli·

37 717 120 770 orum,
139 702 264 772 Sextilia,
279 697 383 778 antiqui
404 704 500 760 moris.
543 703 655 760 Dixisse
676 704 744 779 quin
766 702 861 768 etiarn,
883 703 917 758 ad

37 777 131 849 primas
143 778 194 836 filii
213 781 255 836 sui
279 781 429 852 epistolas,
444 779 598 847 serebatur,
623 787 698 836 ‘non
715 778 917 836 Germanicum

36 860 44 888 ‘
56 873 70 909 a
82 873 122 922 se,
142 855 192 912 sed
212 854 358 913 Vitellium
377 857 510 930 genitum’
532 855 594 912 Nec
607 855 672 912 ullis
684 863 783 929 postca
796 853 917 912 somnum

34 929 191 1000 inlecebris,
215 941 261 988 ant
280 934 385 989 ambitu
404 933 534 998 civitatis,
548 933 576 987 in
591 931 721 1005 gandium
734 930 853 998 evicta,2
865 931 915 988 do-

33 1007 87 1062 mds
100 1025 158 1064 suae
172 1009 276 1064 tantum
289 1010 409 1064 adversa
420 1007 517 1064 sensit.

67 1081 157 1138 LXV.
199 1084 364 1155 Digressum
382 1100 403 1138 a
421 1083 557 1154 Lugduno
579 1081 735 1149 Vitellium,
756 1081 796 1138 M.
810 1083 916 1141 Cluvi·

31 1176 60 1214 ns
75 1158 167 1214 Rufus
181 1158 354 1232 adsequitur,
369 1157 469 1214 omissl
487 1157 621 1232 Hispania
637 1180 644 1213 z
666 1157 790 1214 laetitiam
812 1165 841 1214 et
852 1177 916 1234 gra·

30 1235 192 1290 tulationcm
217 1235 297 1290 vultu
322 1232 428 1301 serens,
450 1235 541 1290 animo
562 1235 671 1300 anxius,
694 1239 724 1288 et
748 1233 864 1306 petitum
884 1251 917 1291 se

31 1310 267 1366 criminationibus
282 1327 396 1382 gnarus.
438 1310 574 1378 Hilarius,
588 1307 710 1366 Caesaris
724 1307 852 1376 libertus,
865 1309 915 1364 de·

32 1387 139 1456 tulerat,
167 1393 329 1462 ‘tamquam
361 1387 453 1444 audito
487 1386 594 1444 Vitellii
620 1391 649 1442 et
669 1382 789 1444 Othonis
815 1384 919 1458 princi·

34 1470 129 1536 ‘patu‚
151 1464 296 1537 propriam
315 1463 377 1538 ipse
391 1464 554 1538 potentiam,
578 1471 607 1520 et
625 1461 832 1538 possessionem
850 1458 917 1517 His·

34 1541 197 1612 ‘paniarum
229 1542 383 1597 tentasset:
425 1541 520 1614 ecque
559 1538 771 1614 diplomatibus³
809 1537 917 1596 nullutn

33 1613 212 1689 ‘Principem
226 1617 477 1691 *prescripsisset’
519 1616 764 1691 interpretabatur
789 1617 917 1689 quedam

13 1721 18 1732 ι
34 1691 247 1748 exorationibus
261 1693 332 1766 ejus,
347 1691 547 1750 contumeliosa
560 1694 588 1750 in
603 1692 760 1759 Vitellium,
774 1697 804 1748 at
817 1709 870 1764 pro
884 1709 916 1748 se

17 1765 87 1838 ipso
101 1767 257 1842 popularia.
299 1769 457 1824 Auctoritas
478 1768 574 1826 Cluvii
594 1768 753 1842 prevaluit,
777 1773 807 1825 ut
820 1767 916 1840 puniri

34 1842 101 1898 ultro
113 1844 247 1899 libertum
260 1861 341 1899 suum
354 1841 484 1900 Vitellius
500 1845 627 1918 juberet.
668 1842 787 1900 Clusius
800 1843 915 1900 comita·

33 1919 67 1972 tui
92 1915 231 1992 Principis
266 1919 401 1993 adjectus,
427 1938 483 1992 non
509 1921 638 1993 adempta
664 1918 809 1992 Hispania,
833 1937 917 1992 quarn

34 1995 99 2050 rexit
124 1997 237 2062 absens,
271 2013 354 2050 exem
375 1996 404 2050 lo
437 1996 470 2050 L.
504 1995 654 2051 Arruntii:
689 2011 753 2048 eum
780 1993 916 2048 Tiberius

34 2067 125 2128 Cesar
158 2072 196 2126 ob
219 2077 343 2135 metum„
389 2069 493 2127 itellius
517 2071 652 2125 Cluvium
671 2069 747 2126 nulla
767 2065 916 2124 formidine

34 2146 181 2204 retinebat·
217 2145 282 2202 Non
305 2145 380 2200 idem
401 2139 553 2202 Trebellio
570 2143 695 2200 Maximo
713 2143 826 2198 honos:
848 2157 915 2215 pro-

34 2216 134 2292 fugerat
145 2222 303 2288 Britannia,
318 2222 355 2276 ob
368 2221 538 2278 iracundiam
551 2221 670 2278 militum
683 2239 690 2275 :
712 2217 811 2275 missus
831 2217 917 2276 estin

33 2293 116 2354 locum
129 2300 202 2374 ejus,
214 2297 325 2354 Vettius
339 2291 460 2354 Bolanus
472 2315 488 2353 e
502 2296 698 2372 presentibus.

67 2372 166 2431 LXVI.
208 2375 334 2446 Angebat
357 2373 501 2434 Vitellium
524 2376 661 2432 victarum
681 2373 822 2449 legionum
842 2372 916 2433 haud
953 2447 958 2460 ,

35 2449 625 2603 inuuunt?,ariaratus
639 2453 916 2606 tutantia:

36 2596 234 2660 decimanorum
241 2600 358 2670 ferocia,
369 2606 418 2676 qui
431 2614 438 2638 ‘
451 2623 482 2659 se
492 2607 603 2672 victos,l
614 2607 791 2664 abnuebant:
814 2618 822 2642 ⁶
835 2610 915 2683 qnip·

36 2679 85 2747 ‘pc
99 2678 284 2734 Bebriacensi
299 2679 371 2739 acie,
385 2678 541 2735 vexillariis
554 2682 659 2736 tantiam
673 2682 772 2754 pulsis,
785 2681 862 2737 vires
874 2684 915 2740 le·

36 2755 42 2781 ‘
53 2751 139 2823 gioms
153 2753 209 2807 non
220 2749 362 2806 adfuismss
403 2750 517 2806 Remitti
528 2755 615 2814 cosin
626 2753 806 2822 Britanniam,
814 2757 888 2826 nude
900 2777 917 2816 a

63 2853 76 2905 1
93 2852 162 2908 ivon
174 2848 295 2904 immixto
306 2848 434 2902 tristitae
469 2848 533 2904 Non
552 2853 691 2920 particeps
704 2853 785 2908 ullius
797 2856 916 2912 crudelis

36 2932 74 2972 unt
86 2922 179 2975 acerbi
192 2919 308 2974 consilii.
345 2920 391 2972 Sic
404 2919 469 2971 alibi
481 2920 550 2974 dixit
562 2919 678 2974 Tacitus
691 2921 838 2992 penninos
856 2940 916 2978 con·
986 2957 989 2960 -

32 2987 105 3042 tiliis.
153 2991 304 3058 Sequimur
326 3005 390 3042 cum
414 2987 537 3043 Ernesto
566 2991 757 3058 conjecturum
781 2992 916 3050 Gronovii

36 3055 167 3112 ductame
186 3059 261 3112 Flor.
273 3070 303 3111 et
321 3058 411 3128 Regio
429 3056 457 3112 in
478 3057 579 3126 quibus
599 3061 736 3125 scribitur,
748 3078 803 3114 nou
814 3063 914 3117 immin.

36 3123 153 3244 {petibus
190 3127 314 3182 Pichena
326 3145 341 3180 e
354 3128 518 3196 conjectura
534 3128 648 3184 dederat
666 3147 721 3183 oon
732 3128 841 3187 immitis
853 3131 914 3188 bia-

43 3210 105 3248 ius.
183 3217 188 3227 ·
863 3221 865 3226 ·

25 3275 28 3284 ⁴
64 3261 80 3312 2
97 3266 129 3318 Io
139 3266 272 3336 gaudium
284 3265 374 3319 emota.
412 3267 456 3319 Ita
472 3266 548 3320 Flor.
566 3268 674 3338 Regius
685 3279 714 3322 et
727 3269 818 3323 Guelf.
832 3281 859 3324 et
873 3273 913 3324 sic

36 3329 120 3386 edidit.
155 3335 316 3400 Rhenanus,
329 3333 403 3402 quod
413 3352 511 3389 omnes
522 3341 610 3391 secuti
620 3350 692 3402 sunt,
704 3349 804 3407 preter
816 3339 914 3394 Piche-
993 3381 997 3388 .

37 3409 93 3452 nam
105 3413 133 3454 et
145 3403 291 3470 Ryekinm‚
304 3407 350 3472 qui
370 3405 507 3458 dederunt
523 3410 616 3460 enecta.
653 3407 711 3461 Sed
730 3410 806 3462 recte
819 3411 913 3465 obser-

36 3477 76 3519 vat
98 3470 231 3525 Ernestus
252 3473 306 3525 dici
327 3475 438 3540 quidem
460 3491 541 3542 posse
558 3475 638 3542 esebi,
655 3479 822 3558 sivspotiils
874 3497 913 3533 m

28 3537 136 3602 ,gaucia
146 3555 202 3621 pon
225 3557 290 3594 vero
307 3543 378 3594 coeti
389 3542 582 3610 ingaudium:
601 3558 630 3602 at
641 3546 727 3602 evium
738 3545 769 3603 in
777 3481 912 3620 gooiiiim

36 3613 80 3666 est,
92 3609 133 3659 vel
144 3609 261 3662 invitum
272 3611 335 3680 cogi
347 3613 383 3664 ad
395 3611 553 3666 laetandum.

30 3671 297 3778 ,tmplomotilua
333 3677 403 3736 Vide
415 3681 554 3750 supinat.

31 3849 39 3955 i
431 3844 700 3954 manco?
859 3867 866 3872 '
