2214 3986
168 327 222 404 'rai
380 342 466 400 ·o.
484 339 601 438 corn.
619 339 756 399 rscrrr
858 314 938 436 uls.
956 357 979 397 e.
996 341 1053 398 ssa,

165 494 278 552 bantur.
318 491 439 568 Jamque
461 499 553 550 castra
571 489 714 568 legionum
734 487 903 546 exscindere
923 489 1053 564 parabant

168 571 197 628 ni
220 571 364 628 Mucianus
387 576 495 626 sertam
517 569 650 642 ligionem
675 566 862 642 opposuisset,
889 563 1051 624 Cremonen-

161 649 205 706 sis
229 648 371 705 victoriar-
415 663 491 714 arus,
512 663 546 701 ac
567 662 603 700 ne
624 651 741 710 externa
758 643 848 699 moles
868 643 1005 716 utrimque
1016 643 1050 699 in-

167 732 292 800 grueret,
318 725 342 780 si
397 741 462 779 acus
494 717 712 796 Germanusque
744 718 850 775 diversi
882 719 1050 793 inrupissent

167 801 274 869 Adfuit,
288 807 318 856 ut
337 817 415 874 saepe
436 797 514 876 alias,
533 796 648 854 fortuna
660 813 698 870 po
720 793 905 863 militemini,
941 813 981 852 ua
994 795 1049 853 Mu·

141 875 276 934 ’‘”cirmum
290 863 424 950 viresque
445 869 571 931 Orientis
591 875 658 930 illuc
671 813 754 935 tubt:
776 881 806 929 et
819 872 897 947 quod
913 813 1051 930 &remoue

166 951 278 1009 interim
299 953 492 1026 transegimus.
541 949 676 1007 Fonteius
696 949 823 1024 Agrippa
842 967 880 1006 er
903 949 968 1006 Asii
995 950 1005 1024 (
1038 967 1053 1006 o

166 1031 282 1108 consule
303 1047 367 1086 eam
387 1027 561 1104 provinciam
582 1045 672 1084 annuo
692 1025 813 1101 imperio
835 1025 976 1103 tenuerat)
1018 1044 1053 1084 ne·

166 1106 216 1162 siae
230 1106 400 1182 prepositus
421 1113 484 1163 est:
507 1103 604 1162 additis
621 1103 711 1180 copiis
725 1116 742 1159 e
756 1103 908 1166 Vitelliano
923 1104 1054 1170 exercitu,
1100 1165 1101 1170 η

168 1183 370 1257 quem.spargi
388 1202 442 1259 per
460 1181 632 1258 provincias,
655 1187 685 1238 et
708 1187 827 1240 externo
848 1181 925 1238 bello
946 1179 1053 1256 inligari,

169 1277 234 1333 pars
248 1255 368 1330 consilii,
382 1261 516 1336 pacisque
530 1265 600 1316 erat.
919 1267 924 1278 ·
939 1265 942 1272 ’

202 1337 328 1394 datu.
369 1337 433 1395 Nec
456 1345 561 1394 ceterae
583 1335 859 1405 nationes‘silebant.
903 1331 996 1393 Subita
997 1353 1055 1468 per

170 1413 290 1473 Pontum
320 1431 395 1470 arma
420 1415 572 1470 barbarum
601 1413 781 1486 mancipium,
812 1413 899 1487 regiae
945 1431 997 1470 non
1014 1431 1054 1468 am

170 1493 266 1549 classis
290 1487 452 1566 praefectus,
473 1495 623 1548 moverat:
651 1489 675 1547 is
695 1490 748 1548 fnit
769 1491 914 1559 Anicetus,
960 1491 1053 1546 olemo·

169 1567 224 1624 nis¹
249 1568 377 1635 libertus,
401 1575 564 1642 praepotens
591 1567 668 1634 obm,
683 1575 712 1624 et
731 1573 879 1643 postquam
899 1585 1012 1641 regnum
1029 1566 1057 1622 m

170 1637 462 1718 sormam'provinciae
483 1650 621 1718 verterat,
639 1645 797 1702 mutationis
810 1645 969 1719 impaeiens.
1008 1641 1054 1716 lgi-

170 1725 217 1775 tur
230 1719 337 1775 Vitellii
361 1721 484 1788 nomine,
505 1719 616 1777 adscitis
638 1721 779 1794 gentibus,
793 1741 857 1796 quae
879 1721 997 1778 Pontum
1015 1737 1055 1775 ac·

170 1797 276 1864 colunt,
298 1803 434 1871 corrupto
457 1798 485 1853 in
508 1813 589 1870 spem
611 1799 772 1874 rapinarum
794 1797 975 1872 egentissimo
994 1813 1054 1872 quo·

172 1891 238 1948 que,
253 1873 326 1930 haud
348 1875 506 1933 temnendae
527 1875 621 1932 manus
642 1876 752 1942 ductor,
775 1873 1000 1949 Trapezuntem,
1013 1874 1056 1930 rt·

171 1958 272 2008 tustam
292 1951 365 2009 Asiae
387 1949 716 2020 civitatem,²a.Graecis
737 1952 764 2008 in
788 1959 918 2011 extremo
940 1949 1057 2009 Ponticae
1099 2017 1100 2020 Ἴ

172 2047 230 2086 orae
244 2028 393 2097 conditam,
408 2029 514 2086 subitus
528 2027 642 2104 inrupit.
685 2027 767 2086 Carta
778 2029 816 2086 ibi
830 2029 944 2095 cohors,
958 2029 1058 2102 'regium
1099 2083 1100 2086 ,

173 2101 306 2164 auxilium
329 2107 406 2174 obm,
429 2123 495 2164 mox
517 2105 745 2163 donati-civitate
767 2105 905 2170 Romana,
924 2107 1001 2181 signa
1019 2123 1058 2161 ar-
1099 2167 1100 2170 Ἴ

171 2201 273 2258 tuaque
287 2184 315 2240 in
329 2192 455 2241 nostrum
472 2183 598 2252 modum,
612 2180 748 2240 desidiam
765 2183 963 2260 licentiamque
983 2183 1057 2240 Gra·
1099 2183 1100 2220 i

120 2316 134 2336 .·
172 2277 271 2316 corum
294 2261 461 2333 retinebant.
503 2259 593 2316 Classi
615 2277 728 2340 quoque
752 2259 827 2317 fraces
849 2260 953 2329 intulit,
976 2277 1058 2318 vacuo

172 2335 242 2389 mari
262 2335 390 2403 eludens,
404 2337 481 2410 qnia-
492 2336 657 2392 lectissimas
671 2338 884 2406 liburnicarum,
898 2334 1059 2412 omnemque
1099 2361 1100 2396 l

173 2409 289 2464 militem
302 2408 449 2467 Mucianus
463 2411 632 2486 Byzantin-
647 2415 788 2488 adegerat.
828 2414 905 2484 Quin
916 2422 946 2472 et
954 2411 1059 2472 barbari

138 2521 140 2530 ,
173 2485 355 2560 contemptim
368 2489 548 2562 vagabantur,
565 2487 709 2548 fabricatis
733 2493 850 2567 repente
869 2491 1059 2570 aeribertus·

172 2581 268 2620 amcos
287 2563 403 2644 vocant)
426 2565 509 2622 arctis
530 2567 677 2638 lateribus,
692 2571 747 2626 lata
770 2571 845 2639 alro,
867 2568 929 2626 sine
953 2567 1061 2626 vinculo

92 2711 102 2718 ί
174 2641 303 2704 aerisaut
325 2639 395 2700 ferri
413 2645 540 2701 connexi
551 2666 562 2704 z.
580 2651 610 2701 et
633 2647 739 2703 tumido
757 2646 836 2714 mari,
857 2655 941 2721 prout
962 2644 1059 2704 fluctus

82 2723 85 2730 ‘
174 2719 438 2788 attollitur,summa
452 2721 563 2778 navium
576 2721 677 2782 tabulis
691 2719 794 2798 augent
804 2721 895 2781 donec
912 2726 942 2780 in
951 2721 1063 2780 modum

174 2797 240 2865 tecti
254 2796 426 2856 claudantur.
449 2798 496 2854 Sic
508 2799 583 2860 inter
595 2800 682 2856 undas
690 2801 843 2858 volvuntur
854 2802 914 2874 pari
926 2801 1064 2873 utrmque

168 2875 270 2950 prorl,
285 2881 314 2944 et
333 2873 458 2931 mutabili
472 2875 600 2949 remigio,
614 2877 725 2950 quando
737 2877 803 2935 hinc
817 2880 868 2940 vel,
879 2879 956 2936 illinc
971 2875 1061 2954 appel-

174 2951 235 3008 lere
250 2950 431 3008 indiscretum
443 2959 472 3009 et
484 2952 628 3009 innoxium
641 2962 693 3010 est.
850 3008 860 3025 ,

214 3025 354 3082 Xthll.·
400 3028 530 3086 Advertit
555 3047 589 3086 ea
615 3049 661 3088 res
688 3029 853 3108 Vespasiani
880 3033 1012 3099 animum,
1038 3035 1065 3084 ui

169 3103 354 3162 'verriiliores3
384 3121 401 3161 e
434 3105 601 3180 legionibus,
627 3108 786 3184 ducemque
812 3109 943 3166 Virdium
970 3106 1064 3165 Gemi·

211 3260 226 3311 l
246 3257 406 3314 Polemonis.
438 3259 529 3342 ,liegis
541 3259 659 3328 Pontici,
671 3261 750 3332 cujus
759 3263 894 3329 meminit,
907 3259 1066 3328 Annam

209 3327 229 3379 A
252 3325 385 3381 Veturium
395 3329 469 3384 Arse
485 3330 625 3384 ciuitatem.
662 3331 695 3384 ln
718 3331 792 3386 Pior.
810 3334 949 3401 scribitur,
966 3335 1067 3388 mucio
1098 3343 1099 3412 t

176 3409 265 3446 mama
276 3395 414 3450 civitatem.
451 3397 554 3452 Omnio
574 3401 724 3468 legendum
742 3419 808 3456 cum
821 3401 917 3472 Lipsio
930 3415 960 3458 et
972 3402 1070 3456 Frein-

177 3461 284 3511 shemio
296 3463 483 3534 oetartcjomn
495 3467 633 3521 ciuitatem.

212 3523 416 3585 arnam
446 3531 1069 3607 amentataotunsrsuunenntaffiri‘
