2214 3986
49 377 75 420 s.
96 379 124 422 o.
141 363 185 422 ⁷tt
272 363 428 422 HISTOR
447 363 519 422 LIB.
539 363 728 428 QUARTUS.
804 413 809 420 .
879 365 952 472 =203

51 512 123 582 tlte,¹
148 532 201 572 nec
224 513 373 573 incruenti.
415 515 448 572 ln
465 515 511 574 vib
529 515 671 591 dispersos
686 523 715 572 et
736 515 845 573 nescios
868 516 949 576 miles

50 599 153 650 noster
165 592 314 650 invaserat.
356 593 431 662 Quin
452 601 481 650 et
500 595 617 650 loricam
630 595 863 670 vallumqueper
876 591 946 652 lines
1093 621 1095 676 p

49 685 121 726 suos
136 669 261 728 Treveri
275 677 417 739 struxere,
431 671 592 745 magnisque
610 671 733 728 invicem
746 671 871 728 cladibus
884 689 949 728 cum
1058 673 1068 688 “

48 745 202 806 Germanis
221 737 384 805 certabant:
406 747 497 804 donec
518 747 631 820 egregia
651 767 718 822 erga
732 750 868 824 populum
890 747 947 818 Rp·
996 760 1010 793 ⁶
1095 789 1096 824 ss

46 841 164 881 manum
177 825 288 893 merita,
302 824 512 883 mox'rebelles
525 823 674 882 foedarent.
1096 846 1097 890 l

87 899 257 958 xxxviii.
300 903 413 960 Interea
433 901 622 976 Vespasianus
645 903 777 972 interum,
800 923 832 962 ac
852 905 946 974 Titus,
1096 901 1097 904 ’

45 979 229 1043 consulatum
247 981 377 1036 absentes
400 979 532 1046 inierunt,
550 981 649 1036 moestd
672 973 700 1035 e‘t
720 983 867 1055 multiplici
888 1001 946 1046 me-

45 1063 75 1112 tu
101 1059 242 1132 suspensa
265 1056 389 1123 civitate,
413 1075 476 1129 quae
500 1075 588 1128 super
610 1055 737 1113 instantia
759 1061 840 1128 mala,
863 1058 947 1117 salsos
1057 1115 1065 1122 .
1095 1061 1098 1088 ¹

44 1151 176 1206 pavores
200 1129 340 1198 induerat,
363 1131 528 1187 ‘descivise
550 1131 682 1197 Africam,
698 1146 744 1188 res
764 1153 851 1191 novus
866 1137 946 1194 moli·

44 1217 143 1268 ‘ente
164 1207 197 1266 L.
221 1203 345 1266 Pisone)
387 1209 414 1264 ls
438 1215 561 1283 praeerat
584 1208 750 1283 provinciae,
772 1229 948 1287 nequaquam

43 1287 180 1364 turbidus
202 1286 324 1361 ingenio.
367 1285 421 1342 Sed
443 1287 508 1360 quia
532 1303 619 1342 naves
637 1285 745 1342 sevitia
766 1286 867 1342 hiemis
881 1307 946 1361 pro·

44 1365 234 1432 bibebautur,
248 1365 358 1438 vulgus,
380 1364 509 1422 alimenta
536 1363 564 1419 in
590 1364 650 1420 dies
677 1364 798 1422 mercari
822 1364 946 1434 solitum,

44 1443 93 1499 cui
118 1459 174 1499 uua
194 1460 230 1499 ex
250 1441 398 1517 republicis
421 1461 537 1501 annonae
558 1437 791 1511 cura,²'clausum
810 1441 886 1510 litus,
900 1461 946 1500 re·

43 1520 135 1578 tineri
147 1527 330 1650 pommeatus
351 1519 418 1582 dum
438 1519 528 1588 timet,
542 1519 697 1577 credebat:
721 1519 885 1594 augentibus
905 1520 945 1578 fa·
983 1527 992 1544 ¹

43 1615 125 1655 mam
175 1597 316 1666 itellianis,
341 1598 389 1672 qui
413 1597 533 1655 studium
557 1599 678 1672 partium
699 1599 822 1654 nondum
844 1617 944 1674 posue·

45 1683 134 1732 rant:
156 1693 192 1732 ne
207 1676 360 1733 victoribus
375 1674 489 1751 quidem
502 1676 609 1748 ingrato
623 1693 748 1743 rumore,
763 1691 882 1750 quorum
896 1696 944 1735 cu·

45 1753 192 1828 piditates,
206 1753 331 1830 externis
352 1771 466 1829 quoque
485 1753 569 1810 bellis
582 1751 781 1828 inexplebiles,
796 1755 872 1823 nulla¹
885 1773 944 1812 um·

44 1849 135 1906 quam
149 1829 239 1888 civilis
253 1831 374 1891 victoria
386 1830 504 1886 satiavit.

86 1907 235 1982 XXXIX..
269 1907 404 1964 Kalendis
424 1907 441 1960 J
444 1907 575 1975 anuariis,
588 1907 617 1964 in
630 1913 739 1975 senatu,
754 1923 839 1982 quem
852 1908 944 1966 Julius

43 1986 215 2054 Frontinus,
235 1993 353 2062 praetor·
367 1985 509 2052 Urbanus,
520 1983 694 2051 rocaverat,
713 1984 812 2055 legatis
833 1987 944 2043 exerci-

44 2065 245 2140 tibusque-ac
269 2064 393 2137 regibus,
408 2073 425 2123 .‘
439 2059 536 2120 laudes
559 2061 718 2135 gratesque'
734 2060 868 2138 decretae.
910 2061 946 2118 Et

46 2141 155 2199 Tertio
175 2139 288 2200 Juliauo
311 2147 446 2216 praetura,
459 2149 475 2183 -‘
488 2148 626 2214 tamquam
649 2136 899 2212 transgredientem
917 2139 946 2196 in

9 2231 13 2238 '
48 2227 173 2296 ‘partes
194 2218 359 2295 Vespasiani
382 2219 524 2292 legionem
543 2213 734 2284 deseruisset‚’
751 2215 851 2284 ablata,
867 2224 897 2275 ut
916 2217 945 2274 in
964 2241 968 2248 ·

47 2296 174 2356 Plotium
185 2295 341 2372 Griphum³
349 2295 561 2354 transferretur.
596 2293 944 2371 Hormodiguitaseques·

48 2377 101 2433 tris
123 2375 198 2452 data.
243 2373 279 2432 Et
301 2393 376 2443 mox,
391 2375 517 2450 ejurante
539 2373 685 2441 Frontino,
704 2369 803 2442 Caesar
827 2371 944 2432 Domiti·

48 2471 119 2511 anus
139 2459 294 2528 praeturam
317 2453 403 2527 cepit.
457 2451 527 2528 Ejus
553 2470 667 2520 nomen,
681 2451 809 2526 epistolis
832 2452 944 2510 edictis·

48 2549 106 2608 que
132 2532 376 2606 praeponebatur:
408 2529 451 2587 ris
477 2548 565 2605 penes
592 2528 752 2584 Mucianum
777 2535 861 2596 erat;
892 2530 945 2588 nisi

48 2609 130 2685 qued
156 2609 293 2684 pleraque
329 2607 515 2674 Domitianus,
541 2605 735 2678 instigantibus
763 2605 870 2672 amicis,
898 2611 945 2662 aut

46 2687 169 2762 proprii
181 2687 308 2754 libidine,
323 2686 442 2746 audebat
493 2682 548 2737 Sed
562 2682 724 2767 precipuus
738 2679 870 2736 Muciano
884 2700 944 2738 mc-

47 2773 93 2823 tus
117 2784 134 2822 e
158 2763 254 2822 Primo
277 2764 408 2830 Antonio,
432 2759 566 2832 Varoque
589 2760 680 2817 Ario:
709 2773 779 2832 quus
802 2765 944 2827 recentes,

47 2846 201 2918 clarosque
223 2859 319 2899 rerum
342 2839 423 2909 fami,
437 2853 469 2895 ac
489 2835 607 2893 militum
627 2833 734 2903 studiis,
749 2835 833 2891 etiam
845 2851 943 2912 popu-

84 2991 101 3044 1
123 2988 250 3046 sadum
260 2990 362 3060 prede.
397 2987 504 3058 Regius
516 2997 544 3039 et
556 2984 719 3053 Ryckiauus
731 2985 865 3047 scribunt,
877 2982 943 3036 suci-

48 3066 118 3115 etote
132 3060 237 3131 prede,
250 3073 281 3114 ut
292 3061 430 3115 referatur
443 3058 478 3110 ad
490 3055 609 3109 mixtus:
628 3071 689 3122 quse
708 3054 790 3107 lectio
802 3055 893 3122 potior
904 3054 944 3106 vi-

49 3133 135 3185 detur
155 3131 280 3198 Rycliio:
299 3145 390 3200 neque
410 3128 483 3181 euim
507 3124 654 3180 verisimile
672 3135 714 3178 est
734 3123 945 3188 obsessoresin

50 3201 227 3269 Mogontiaci
248 3201 392 3253 obsidione
410 3202 488 3250 teuta
500 3197 593 3264 praeda
606 3195 716 3258 dirutos,
728 3204 758 3247 ut
770 3194 884 3245 satietas
896 3207 944 3246 eos

50 3271 167 3338 ceperit,
177 3286 213 3323 ac
228 3280 377 3337 propterea
391 3267 563 3320 dicesserint.

85 3337 320 3396 warinnam
372 3335 564 3390 blicdunnone
576 3350 648 3387 cura.
685 3331 755 3386 Tale
774 3331 842 3383 illud
859 3329 945 3384 Juve-

50 3409 124 3462 nalis
145 3410 181 3462 de
201 3408 306 3490 populo
320 3355 463 3472 iimina
483 3404 552 3457 duas
573 3405 676 3456 tontum
695 3419 736 3454 res
753 3399 853 3454 andus
864 3397 945 3471 optut,

51 3475 159 3534 Panem
171 3484 198 3531 et
212 3479 357 3531 Circenses.
796 3497 798 3502 ¹

86 3547 106 3601 3
123 3547 244 3602 Plotium
261 3547 398 3617 dapium.
436 3546 494 3604 Qui
505 3543 722 3600 Mucianofidus
734 3541 807 3611 nist,
818 3541 843 3595 3.
856 3539 898 3594 52.
