2214 3986
143 334 180 397 98
434 329 755 394 C.CORN.TACI'1‘I
861 348 889 385 a.
901 345 930 387 a.
943 348 971 386 c.
982 327 1047 388 822.

146 505 235 562 reque
260 483 422 560 municipia,
445 487 475 542 ct
490 483 633 572 colonie,
643 481 847 540 aemulabantur
864 479 1047 554 corruptissi-

146 581 222 621 mum
235 579 376 638 quemque
390 561 620 628 adolescentium,
635 559 729 634 pretio
743 557 874 614 inlicere.

185 639 290 698 Lxrrr.
332 638 387 695 Sed
401 631 547 705 Vitellius,
570 637 697 703 adventu,
710 635 807 692 fratris
842 641 871 690 et
888 635 1045 709 inrepenti-

145 719 199 774 bus
221 715 415 772 dominationis
438 714 587 787 magistris,
613 705 767 788 superbior
788 677 818 767 ei
835 711 971 779 atrocior,
998 729 1045 768 oc·

146 793 203 851 cidi
230 791 406 847 Dolabellam
427 790 522 864 jussit,
549 808 634 864 quern
659 790 689 845 in
715 787 853 845 coloniam
874 787 1043 864 Aquinatem

147 869 300 943 sepositum
331 868 365 922 ab
399 865 513 923 Othone
539 866 711 922 retulimus.¹
768 865 927 929 Dolabella,
954 861 1044 920 auditi

146 951 239 1001 morte
262 943 393 1011 Othonis,
417 945 519 999 urbem
541 943 698 1000 introierat.
741 942 773 996 lrl
794 941 822 995 ei
842 939 974 996 Plancius
987 939 1042 995 Va-

89 1033 91 1036 ·
147 1019 223 1089 rus‚2
254 1021 379 1096 praeturt
413 1018 535 1087 functus,
566 1038 603 1075 err
629 1019 731 1075 intimis
755 1015 913 1072 Dolabella
938 1015 1044 1082 aruicis,

147 1097 226 1172 apud
257 1097 385 1153 Flavium
421 1096 564 1164 Sabinum,
601 1093 769 1170 praelectum
801 1093 891 1175 urbis,
930 1093 1043 1166 objecit,

120 1171 126 1181 “
148 1181 312 1250 ‘tamquam
326 1175 407 1248 rupta
431 1173 567 1240 custodial,
587 1172 690 1227 ducem
712 1190 744 1227 se
763 1170 844 1226 victis
856 1169 985 1246 partibus
1002 1187 1043 1225 os-

148 1257 308 1320 ‘tentasset
318 1251 336 1306 τ’
360 1250 463 1306 addidit
498 1259 506 1283 ‘
528 1256 661 1306 tentatam
684 1249 842 1322 cohortem,
866 1264 932 1320 quae
958 1245 1042 1302 Ostiae

148 1337 270 1403 ‘ageret
283 1329 301 1384 τ’
323 1346 375 1384 nee
397 1326 461 1382 ullis
484 1333 625 1381 tantorum
647 1323 807 1408 criminun}
822 1322 1043 1396 probationibus,

148 1405 384 1481 in'poenitentiam
397 1420 510 1469 versus,
534 1419 628 1458 seram
648 1401 759 1456 veniam
780 1407 844 1474 post
856 1401 952 1456 scelus
967 1419 1043 1475 quae-

149 1481 255 1538 rebatss
294 1479 480 1548 Cunctantem
503 1496 591 1551 super
613 1479 689 1533 tanti
709 1497 742 1534 re
757 1478 887 1533 Flavium
896 1477 1042 1544 Sabinum,

150 1556 273 1624 Triaria,
295 1553 328 1610 L.
344 1553 452 1610 Vitellii
475 1571 557 1622 uxor,
582 1555 655 1610 ultra
675 1552 919 1619 seminantium,
943 1554 1043 1610 terruit

148 1631 187 1707 rie
213 1631 378 1707 ‘periculo4
401 1629 540 1717 Principis
566 1629 667 1687 samam
686 1631 844 1688 clementie
869 1629 1042 1687 adfectaret‘
1100 1669 1101 1684 .

149 1708 278 1775 Sabinus,
292 1713 392 1781 suopte
414 1707 526 1779 ingenio
548 1707 634 1775 ruitis,
655 1708 704 1763 ubi
726 1706 847 1764 formido
870 1707 1042 1776 incessisset,
1100 1687 1101 1778 l

148 1783 238 1842 facilis
248 1790 363 1850 mutatu,
377 1790 406 1839 et
419 1783 447 1839 in
459 1783 552 1841 alieno
566 1783 729 1854 discrimine
743 1784 796 1840 sibi
809 1801 928 1858 pavens,
950 1803 989 1841 ne
1000 1785 1043 1840 atl-

149 1861 258 1918 levasse
272 1860 429 1929 videretur,
442 1859 553 1934 impulit
567 1867 705 1916 ruentem.

187 1936 292 1998 LXIV.
335 1938 422 2011 lgitur
445 1936 588 2005 Vitellius,
607 1945 685 1994 metu
705 1946 733 1994 et
753 1937 829 2008 odio,
843 1938 922 2013 qubd
944 1938 1043 1996 Petro-
1099 1985 1100 2014 ,

149 2015 233 2085 niam,
260 2033 379 2072 uxorem
402 2015 474 2090 ejus,
508 2033 574 2070 mor
602 2011 751 2072 Dolabella
780 2015 809 2071 in
835 2015 1045 2075 matrimonium
1098 2015 1100 2046 ¹

149 2095 315 2170 accepisset,
342 2099 493 2149 ‘vocatum
526 2110 579 2166 per
606 2092 751 2166 epistolas,
780 2093 865 2150 vitati
897 2092 1043 2150 Flaminiae

150 2171 228 2228 ‘riae
257 2169 434 2235 celebritate,
460 2169 613 2226 devertere
642 2169 867 2237 Interamnium,⁶
890 2176 979 2244 atque
1007 2171 1044 2226 ibi

150 2254 158 2280 ⁴
174 2246 304 2302 interfici’
311 2245 405 2318 jussit.
446 2243 572 2318 Longum
584 2245 759 2303 interfectori
770 2246 861 2302 visum
873 2268 879 2302 :
901 2247 932 2303 in
942 2247 1043 2304 itinere

150 2339 182 2377 ac
202 2323 318 2378 taberne
342 2321 500 2395 projectum
522 2322 600 2378 burui
619 2323 778 2397 jugulavit:
800 2325 898 2396 magni
918 2343 985 2381 cum
1005 2326 1043 2380 in·
1098 2313 1099 2328 ¹

98 2449 101 2456 ,
149 2397 224 2454 vidis
254 2398 320 2454 novi
353 2397 536 2472 principatus,
572 2399 652 2473 cujus
677 2402 732 2458 hoc
756 2400 877 2476 primum
897 2402 1043 2475 specimen

186 2496 380 2552 lRetutt’mus.
418 2495 490 2551 llist.
504 2499 527 2550 1.
540 2497 582 2551 88.
972 2500 975 2509 “

183 2569 202 2622 2
219 2566 353 2622 Plancius
370 2569 465 2622 Varus.
502 2567 547 2620 lta
556 2574 658 2621 nomen
671 2569 800 2622 scribitur
809 2570 837 2623 in
848 2571 924 2626 Flor.
937 2583 966 2626 et
979 2589 1042 2626 cou-

150 2650 249 2693 sonant
269 2640 439 2692 numismata
458 2637 511 2689 sub
528 2637 701 2707 Vespasiano
721 2655 797 2704 cusa,
810 2641 894 2708 idque
915 2643 1041 2696 voluerat
1097 2687 1098 2692 ,

149 2707 311 2774 Beroaldus,
323 2709 403 2778 cujus
423 2707 507 2762 editio
526 2725 620 2761 errore
638 2709 839 2776 typographico
850 2711 965 2777 praefsrt
977 2713 1040 2765 Plu·
1097 2711 1098 2716 ’

150 2776 214 2842 tius,
234 2779 307 2832 uude
331 2778 485 2835 Rhenanus
508 2777 601 2832 effecit
624 2778 764 2832 Plautius.
811 2778 918 2834 Verum
939 2797 1041 2836 nornen

150 2849 269 2902 restituit
281 2846 342 2898 Jac.
355 2846 522 2904 Gronovius.
619 2903 623 2912 ,

184 2914 423 2968 3Scrumueut'am
431 2919 493 2984 post
501 2917 586 2969 scetus
594 2915 730 2986 querebat.
760 2916 869 2986 Nempe
880 2917 1039 2981 Dolabellae,
1096 2935 1097 2952 ³

152 2999 235 3050 quern
255 2984 390 3035 scelerate
403 2996 592 3038 accusaverat.
629 2986 725 3042 Quum
737 2985 819 3038 nulla
832 2998 978 3041 tantorum
989 2991 1039 3041 cri·

151 3053 258 3107 minum
270 3052 447 3118 probationes
458 3065 560 3118 essent,
573 3053 718 3110 Plancium
730 3065 865 3122 susceptae
878 3057 907 3107 in
920 3058 1041 3114 amicum

151 3121 337 3176 accusationis
348 3122 507 3190 poenitebat,
523 3122 688 3189 favebatque
701 3123 727 3175 ei
739 3123 812 3190 apud
826 3123 974 3178 Sabinum.

186 3189 203 3242 4
224 3189 333 3244 Terruit
352 3205 385 3242 me
400 3188 703 3262 periculo-adsectaret,
715 3193 733 3243 i.
745 3207 770 3243 e.
790 3203 924 3245 terrorem
939 3195 1040 3262 injecit,

151 3272 256 3312 terrore
270 3259 426 3323 absterruit,
442 3277 486 3326 ue,
499 3261 553 3312 &c
590 3261 752 3314 Lectionern
771 3260 852 3328 Regii
870 3265 979 3316 codicis
997 3279 1041 3316 ex·
1095 3312 1096 3320 ,

152 3331 311 3394 pressimus,
323 3345 406 3396 quarn
419 3329 512 3381 firmat
530 3329 605 3382 Flnr.
615 3331 645 3381 in
659 3348 714 3398 quo
726 3331 863 3393 scribitur,
876 3331 966 3386 tenuit
977 3349 1042 3386 ua—
1095 3329 1096 3334 ¹

154 3395 301 3461 adsettcrst.
337 3396 427 3463 Vulgo
438 3395 531 3449 terruit
542 3415 554 3449 e
562 3396 845 3466 periculo—offanum.

76 3509 80 3526 ·.
190 3461 216 3537 5·
224 3461 280 3513 Dec
318 3481 357 3515 erc
366 3465 566 3524 Interamnium.
585 3466 629 3518 ltu
639 3467 768 3520 scribitur
778 3468 806 3518 in
816 3467 891 3520 Flor.
905 3478 934 3520 et
944 3468 1040 3536 Regio,

156 3533 184 3576 et
195 3541 234 3578 src
242 3530 287 3580 cdl
307 3532 327 3582 't
337 3531 354 3583 J
357 3548 398 3598 ac,
411 3531 576 3588 Gronovius.
613 3533 703 3602 Vulgo
715 3534 839 3590 divertere
851 3537 1041 3592 Interamnam.
