2252 3958
133 309 184 370 aas
370 297 571 360 *cauma
593 293 749 356 sacrm,
818 291 1038 354 ..somnae

137 457 261 518 suetum,
278 443 459 506 credentibus
469 439 634 500 Othonianis
644 435 779 496 militibus
788 451 860 492 vera
873 447 949 502 etas,
964 447 1030 507 quas

137 528 344 598 adferebantur.
399 521 566 578 Intendebet
601 514 789 580 formidinem,
816 511 894 586 quod
921 511 1032 585 publici

137 605 247 666 consilii
272 600 355 668 facie,
388 599 542 657 discessum
569 593 687 660 Mutina,
720 589 900 664 desertaeque
933 594 1033 662 partes
1105 595 1106 600 ’

138 683 241 742 forent.
283 677 347 735 Nec
360 676 435 734 ultra
447 675 476 732 in
489 689 638 732 commune
659 667 816 742 congressi,
833 666 887 722 sibi
909 665 1031 740 quisque

140 759 309 818 consuluere
322 777 328 810 ε
351 755 441 811 donec
454 753 546 812 missae
560 748 674 808 aFabio
686 744 809 815 Valente
822 743 964 818 epistolae,
982 741 1031 798 de·

139 840 251 896 merent
263 838 377 888 metum.
419 829 456 886 Et
478 847 553 886 mors
573 825 705 892 Othonis,
727 824 786 897 qud
795 819 973 888 laudabilior,
995 821 1034 878 ei)

140 910 266 969 velocius
279 909 382 967 audita.

179 987 241 1046 LV.
274 988 313 1044 At
324 986 430 1044 ,Romae
441 987 511 1042 nihil
526 979 735 1057 trepidationis:
758 977 896 1034 Cereales
908 975 983 1032 ludil
999 991 1035 1032 ex

140 1083 221 1124 more
241 1065 449 1139 spectabantur.
490 1062 530 1120 Ut
549 1059 690 1116 ‘cessisse
704 1055 762 1114 vita
781 1050 936 1120 Othonem,
958 1059 1036 1110 ‘eta

142 1143 258 1199 ‘Flavio
273 1142 385 1210 Sabino,
399 1139 536 1216 praefecto
549 1137 638 1204 urbis,
659 1133 735 1210 quod
754 1120 856 1190 eratin
874 1131 948 1189 urbe
962 1129 1034 1190 mili-

143 1227 220 1291 ‘‚tum
245 1228 422 1276 sacramento
449 1216 556 1274 Vitellii
584 1211 734 1280 adactum,'
754 1211 827 1267 certi
850 1215 984 1266 auctores
1008 1207 1036 1262 in

100 1348 105 1357 .
143 1297 284 1355 theatrum
310 1298 471 1363 attulerunt,
493 1293 619 1350 Vitellio,
635 1291 785 1365 plausere:
816 1287 950 1363 populus,
972 1303 1037 1344 cum

143 1375 225 1432 lauru
252 1393 284 1430 ac
311 1373 438 1440 floribus,
459 1371 557 1428 Galbae
581 1367 712 1442 imagines
726 1366 834 1441 circum
844 1363 951 1438 templa
964 1362 1036 1430 tulit,

144 1452 284 1524 congestis
294 1451 323 1504 iu
336 1451 448 1505 modum
470 1448 570 1504 tumuli
583 1445 708 1512 corani,
722 1444 804 1518 juxta
825 1443 918 1498 lacum
959 1439 1038 1507 urtii,

109 1566 128 1598 ‚
145 1545 229 1600 quern
243 1528 336 1582 locum
349 1527 441 1581 Galba
454 1526 577 1581 moriens
591 1522 723 1596 sanquine
736 1518 882 1578 infecerat.
911 1517 945 1574 ln
956 1535 1040 1574 sena-

144 1610 185 1670 tu,
200 1609 299 1659 cuncta
310 1602 400 1675 longis
414 1602 531 1658 aliorum
555 1599 758 1675 principatibus
779 1595 936 1671 composita
946 1595 1039 1654 statim

145 1678 345 1736 decernuntur.
412 1679 520 1736 Addita
554 1687 641 1752 ‘erga
673 1675 858 1733 Germanicos
894 1673 1041 1746 exercitus

146 1763 154 1790 ‘
170 1755 277 1824 laudes,
290 1766 439 1832 gratesque
451 1757 470 1826 3'
492 1765 521 1813 et
546 1757 629 1812 niissa
654 1753 768 1826 legatio,
784 1770 847 1828 quae
861 1750 962 1824 gaudio
976 1749 1040 1806 sun·

145 1839 270 1906 geretur.
313 1832 448 1892 Recitata
470 1833 549 1890 Fabii
562 1831 688 1888 Valentis
702 1830 842 1905 epistole,
856 1826 891 1883 ad
904 1828 1041 1885 consules

146 1908 260 1984 scriptae
269 1912 343 1968 haud
353 1912 553 1969 immoderato:
574 1909 680 1984 gratior
693 1907 818 1964 Caecinae
831 1904 970 1976 modestia
978 1903 1040 1978 fuit,

146 1987 223 2060 quod
236 2007 291 2045 nou
305 1988 491 2063 scripsissent

185 2063 261 2121 LVI.
292 2065 444 2122 Certerdm
470 2066 549 2122 ltalia
570 2064 680 2138 gravids
699 2070 783 2137 atque
809 2061 1043 2134 atrocitatum
1103 2063 1104 2066 ’

146 2139 227 2225 bello
250 2141 462 2220 adflictabatur:
484 2141 605 2216 dispersi
626 2158 681 2216 per
707 2138 858 2212 municipia
870 2144 900 2194 et
912 2137 1043 2194 colonias

147 2212 302 2283 Vitelliani,
322 2218 456 2289 spoliare,
483 2236 598 2291 rapere,
619 2218 648 2276 vi
668 2226 698 2274 et
718 2216 823 2289 stupris
837 2215 970 2289 polluere
983 2235 998 2268 :¹
1013 2213 1043 2271 in

148 2307 230 2345 omne
244 2289 283 2345 sas
306 2291 441 2366 nefasque
455 2295 539 2354 avidi.
561 2301 607 2349 aut
633 2295 775 2360 venales,8
795 2285 964 2357 nonsatis,
986 2308 1043 2346 non

147 2363 265 2452 profano
292 2368 476 2425 abstinebant.
518 2369 554 2424 Et
567 2367 659 2436 fuere,
681 2369 729 2452 qui
755 2368 882 2424 inimicos
895 2385 962 2422 suos
976 2384 1040 2446 spe-

147 2459 193 2500 cle
218 2442 344 2530 ¹utilitum
377 2443 588 2502 interficerent:
610 2445 722 2521 ipsique
747 2445 862 2513 milites,
894 2443 1042 2518 regionum

146 2535 236 2594 gnari,
256 2513 377 2578 refertos
398 2541 489 2596 agros,
510 2521 582 2579 dites
602 2521 728 2580 dominos
748 2523 777 2578 in
800 2521 934 2597 predum,
948 2526 1004 2594 'aut
1018 2518 1042 2576 si

148 2605 332 2684 repugnatum
365 2597 449 2668 foret,
478 2599 512 2656 ad
541 2600 681 2657 excidium
704 2599 887 2667 destinabant,
910 2597 1040 2656 obnoxiis

147 2673 276 2762 ducibus,
307 2682 336 2734 et
364 2677 522 2751 prohibere
549 2696 604 2734 non
633 2677 725 2734 ausis:
747 2677 838 2733 minus
859 2673 985 2734 avaritie
1013 2674 1041 2730 in

149 2749 264 2838 ¹Caecrnb
285 2753 349 2827 plus
375 2756 531 2812 ambitionis
542 2753 567 2811 :¹¹
586 2753 702 2822 Valens,
721 2756 758 2810 ob
778 2755 900 2812 lucra-et
915 2759 1040 2828 quaestus

145 2826 267 2915 uniamis,
288 2831 382 2902 eoque
409 2832 508 2887 alienae
532 2831 616 2896 etiam
630 2833 723 2906 culpae
737 2830 935 2908 dissimulator.
978 2827 1042 2886 Jam

145 2905 258 2980 pridem
295 2906 395 2992 attritis
432 2907 519 2964 ltaliae
549 2910 649 2976 rebus,
683 2915 788 2966 tantum
811 2907 937 2984 peditum
961 2903 1040 2980 equi-

183 3057 198 3110 1
214 3057 333 3112 Cereales
344 3060 412 3115 ludi.
438 3051 617 3117 Initonorern
629 3064 737 3118 cereris
758 3021 999 3118 celebrabanture
1009 3060 1042 3114 12

147 3125 194 3266 asp)
194 3127 237 3250 Γ1]ξί
238 3127 356 3250 prilis.
375 3131 527 3200 Imperavit
539 3134 615 3186 Otho
623 3133 666 3186 95.
675 3133 736 3185 dies
745 3149 763 3186 a
775 3133 809 3186 15
820 3133 948 3186 Januarii
961 3131 998 3183 ad
1009 3131 1042 3190 19

182 3265 200 3343 2
216 3267 295 3350 Quod
305 3285 359 3322 non
371 3269 529 3340 scriptumst.
564 3271 641 3330 Quia
652 3271 710 3324 scii.
722 3271 751 3323 id
759 3269 819 3337 jam
830 3271 915 3322 moris
925 3279 995 3328 arat.
1010 3277 1041 3322 ut

148 3335 385 3458 :pipppppperator
402 3337 522 3407 publice,
541 3342 558 3394 i.
575 3357 599 3393 e.
611 3341 648 3393 nd
660 3340 789 3392 consules
801 3336 898 3391 aut'ad
911 3348 1041 3396 senatum

183 3470 296 3524 ,emeat
307 3477 355 3527 aut
366 3477 479 3537 mantea,
510 3475 569 3529 Sua
587 3477 712 3544 ipsorum
724 3477 840 3530 avaritia
849 3475 971 3542 impulsi,
992 3487 1039 3528 nur

150 3535 186 3592 ub
198 3537 258 3590 airis
269 3544 359 3606 pretio
371 3544 464 3606 empti.
729 3579 736 3584 -

158 3616 163 3627 ·
183 3605 209 3684 'l'
223 3605 304 3684 Plus·
315 3607 475 3688 camacum.
511 3608 555 3663 Eo
575 3613 807 3682 nudissimulutor
826 3613 990 3690 rapinarum
1009 3611 1039 3671 in

150 3670 248 3736 milite,
260 3684 340 3742 capus
348 3685 470 3746 granam
481 3689 565 3748 rapta
601 3687 621 3734 t.
