2214 3986
64 381 83 426 r.
100 373 179 430 aaa.
278 347 433 428 maron.
451 371 523 428 ara.
539 363 719 427 marrus.
892 371 942 428 ru

64 517 215 589 ‘didisset'
229 521 307 578 velat
325 537 378 595 pro
398 521 515 594 Vitellio
528 525 747 602 conquerentes,
761 533 843 575 sunm
864 518 942 577 dolo-

62 611 119 660 rem
138 595 326 672 proferebant.
368 597 464 666 Nulla,
485 599 514 654 iu
537 597 665 654 oratione
688 597 863 672 cujusquam,
877 613 946 672 erga

60 671 203 737 Flavianos
224 665 310 732 duces
322 675 519 750 bbtrectatio:
542 683 695 730 ‘errorem
717 674 943 748 imprudentiam·

60 757 66 782 ‘
80 767 135 826 que
149 753 314 811 exercitum’
323 744 490 826 2culpantes,
504 749 668 825 Vespasiani
691 769 794 807 nomen
816 752 944 826 suspensi

58 833 83 882 et
107 827 252 886 vitabundi.
271 831 463 890 circumibant.
506 827 571 884 Nec
590 827 689 894 defuit,
703 828 750 903 qui
772 847 857 884 unum
877 847 943 886 con·

56 905 158 966 sulatds
180 905 255 960 diem
279 907 317 982 (is
341 908 425 974 enim,
446 898 942 982 in·locumCaecinae,''supepe1-at,)

55 995 151 1052 magno
173 1000 239 1036 cum
262 981 351 1036 inrisu
370 975 518 1039 tribuentis
541 979 771 1055 accipientisque,
785 983 942 1040 eblandire-

24 1081 25 1086 κ
55 1060 108 1112 tur.
150 1055 248 1111 Pridie
272 1056 414 1114 Kalendas
434 1057 606 1114 Novembris
620 1055 721 1112 Rosius
737 1056 859 1130 Regulus
873 1059 943 1127 iniit,

54 1133 247 1205 ejuravitqnea
279 1129 463 1190 =Adriotabant
482 1132 577 1206 periti,
592 1141 599 1166 ‘
615 1149 765 1205 numquam
787 1143 875 1201 antea,
888 1153 944 1194 non

54 1211 211 1280 ‘abrogato
228 1205 408 1278 magistratu,
434 1224 528 1280 neque
553 1209 616 1282 lege
643 1209 708 1275 lata,
735 1209 818 1264 alium
843 1210 943 1270 suffec-

54 1292 137 1341 ‘tnm
149 1283 185 1339 :⁹1
207 1303 271 1341 nam
293 1284 391 1348 consul
411 1289 469 1339 uno
487 1281 533 1338 die
559 1291 590 1338 et
609 1285 671 1342 ante
694 1283 788 1342 fuerat
812 1284 945 1352 Caninius

55 1361 185 1430 Rebilus,
200 1361 236 1435 C.
252 1359 368 1416 Gaesare
385 1358 614 1440 =dictatore„cdm
634 1360 703 1415 belli
726 1360 818 1426 civilis
831 1363 947 1433 praemia

55 1431 290 1494 fecundentur!
323 1448 325 1454 '
678 1435 696 1470 Ψ
821 1481 824 1488 .
937 1452 940 1461 “

91 1514 259 1572 xxxviii,
277 1545 282 1556 ι
302 1513 377 1570 Nota
395 1530 450 1589 per
468 1531 517 1571 eos
531 1514 592 1569 dies
604 1511 682 1572 Junii
701 1513 802 1584 stass
816 1531 902 1584 mors,
918 1523 948 1572 et

55 1591 158 1649 famosa
182 1591 255 1650 fuit:
278 1591 316 1648 de
341 1589 396 1665 quat
422 1591 462 1648 sic
489 1585 659 1666 accepimus.
691 1579 790 1648 ‘Gravi
813 1594 945 1667 corporis
1006 1616 1016 1637 ·

55 1671 155 1726 morbo
175 1687 252 1742 aeger
267 1668 410 1737 Vitellius,
425 1669 588 1725 Servilianis
612 1669 712 1737 hortis,
726 1671 837 1738 turrim,
852 1669 945 1728 vicino

55 1747 145 1814 sitam,
158 1748 304 1804 collucere
322 1763 376 1821 per
383 1753 506 1803 mactem
528 1746 638 1802 crebris
661 1747 810 1803 luminibus
824 1747 945 1804 animad-

55 1825 150 1880 vertit.
192 1823 348 1880 sciscitanti
374 1839 495 1890 causam,
510 1832 530 1876 η*
547 1823 620 1896 apud
647 1823 790 1880 Caecinam
817 1823 947 1882 Tuscum

55 1900 189 1973 ‘epulari
209 1901 321 1974 multos,
342 1901 518 1974 praecipuum
544 1900 653 1956 bonore
677 1900 791 1956 lunium
812 1901 945 1958 Blaesum'

56 1977 215 2035 nuntiatur:
237 1986 334 2032 cetera
354 1977 382 2033 in
405 1978 505 2052 majus,
518 1976 556 2031 de
576 1986 584 2010 ‘
603 1986 749 2052 apparatu,
763 1984 792 2033 et
808 1977 904 2033 solutis
918 1979 947 2034 in

57 2053 222 2110 ‘lasciviam
243 2053 340 2109 animis
356 2055 375 2108 :'
397 2070 451 2110 nec
473 2051 603 2120 defuere,
625 2053 673 2128 qui
696 2055 788 2126 ipsum
809 2048 946 2123 Tuscum,

58 2137 86 2186 et
112 2130 191 2196 alios,
218 2129 269 2186 sed
291 2129 466 2190 criminosius
492 2129 617 2186 Blaesum
641 2129 812 2198 incusarent,
830 2139 842 2191 ,t
861 2131 946 2204 qubd,

59 2209 155 2280 ‘aesgro
165 2205 313 2290 Principe,
329 2207 411 2262 latos·
421 2205 483 2263 dies
494 2207 612 2280 ageret)
654 2205 710 2262 Ubi
724 2213 884 2282 asperatum
898 2207 946 2274 Vi·
1025 2249 1027 2255 .

58 2285 174 2351 tellium,
189 2292 218 2340 et
241 2296 324 2358 posse
348 2278 472 2342 Blaesum
484 2283 633 2356 perverti,
647 2284 711 2341 satis
733 2285 821 2359 patuit
840 2285 885 2354 iis,
900 2285 947 2362 qui

59 2359 221 2436 Principum
242 2357 361 2418 offensas
373 2359 489 2430 ,acriter
511 2363 702 2434 speculantur,
724 2363 794 2434 datas
809 2363 842 2424 L.
858 2361 947 2420 Vitel-

58 2435 95 2494 lio
114 2438 261 2496 delationis
281 2449 387 2516 partes.
429 2428 492 2507 llle,
506 2433 630 2517 infensus
651 2439 756 2508 Blaeso,
770 2442 948 2498 aemulatione

59 2517 156 2586 mart,
183 2516 261 2590 qubd
284 2532 349 2572 eum
366 2515 446 2588 ,omni
469 2515 610 2571 dedecore
632 2518 815 2582 maculosam,
836 2519 949 2588 egregit

58 2590 134 2648 sama
157 2594 290 2659 anteibat,
313 2592 473 2649 cubiculum
504 2591 694 2664 Imperatoris·
716 2591 949 2657 reserat-mium

59 2669 193 2741 ejussinu
206 2663 382 2744 complexus,
396 2675 426 2723 et
444 2667 561 2738 genibus
582 2667 729 2721 accidens:
752 2663 862 2728 causam
881 2685 948 2725 con·

58 2743 188 2804 susionis³
216 2748 378 2822 querenti:
410 2752 489 2798 ‘non
515 2759 546 2797 se
576 2738 694 2824 proprio
723 2749 811 2807 metu,
830 2759 884 2797 nec
906 2744 950 2798 sul

615 2845 621 2867 Ι

58 2887 221 2954 dignitatem
233 2895 446 2958 exaggerantes.
484 2883 563 2938 Velut
570 2899 620 2964 ppo
638 2881 743 2936 Vitellio
756 2877 950 2951 conquerentes,
1031 2877 1035 2886 '

60 2955 157 3022 Specie
179 2961 411 3028 conquerentium
432 2970 482 3024 pro
502 2953 622 3017 Vitellio,
635 2953 730 3006 odium
740 2958 779 3004 ›et
797 2953 866 3006 iram
885 2953 973 3022 pre!

58 3027 145 3088 priam
164 3031 193 3081 in
214 3029 364 3092 Gaeonam,
376 3028 411 3080 ob
431 3025 492 3093 ojus
510 3024 693 3091 rapacitatem
712 3035 740 3076 et
758 3024 950 3091 impotentiam

55 3097 233 3162 preferebant.

96 3165 110 3216 l
128 3167 286 3236 Numquam
298 3162 498 3218 antea-alium
515 3163 679 3232 suffectum·
698 3159 859 3229 Numquam
878 3162 950 3214 acci·

59 3229 142 3301 disse,
155 3249 186 3291 ut
205 3237 304 3302 aliquis
323 3231 498 3290 sufficeretur
515 3231 624 3290 consuli
640 3232 753 3296 viventi,
764 3233 822 3303 nisi
834 3232 858 3284 is
870 3229 950 3282 abro-

60 3317 153 3375 gasset
165 3309 369 3375 magistratum,
381 3320 469 3371 caque
482 3303 517 3354 de
529 3319 558 3354 re
571 3302 628 3360 luta
640 3301 685 3353 lex
697 3313 779 3353 esset.

95 3373 209 3430 alanta·
221 3373 312 3428 Blaaa'.
349 3373 392 3424 De
405 3389 460 3440 quo
472 3373 536 3424 vide
549 3370 620 3423 Hist.
632 3369 659 3436 2,
670 3370 714 3422 59.

98 3443 114 3494 3
134 3442 319 3514 confiniente.
367 3441 594 3505 Perturbationis,
612 3439 871 3505 consternationis}
895 3453 966 3506 quo·

62 3525 242 3568 serenandas
259 3509 380 3580 confusio
392 3523 420 3565 et
439 3511 598 3579 confundere
619 3506 768 3577 sumuntur
786 3510 861 3579 aquid
880 3507 950 3562 run.

62 3579 151 3648 Epist.
164 3584 188 3652 1,
199 3581 243 3636 22.
256 3581 375 3646 etum.
452 3638 482 3700 N
594 3589 598 3595 “
769 3594 793 3608 -’

547 3669 563 3693 d-
