2254 3960
76 391 204 450 sera
305 387 460 448 ursron
478 387 551 482 cre.
570 365 761 453 armies?
927 389 980 450 aar

81 537 127 600 Ut
149 545 265 614 ventum
289 539 319 596 in
342 538 461 609 manuel
476 539 627 609 deturbati,
648 540 738 598 ruine
761 537 854 609 modo,
877 542 979 616 preci·

81 618 222 695 pilantur.
264 614 388 692 Etpars
411 616 547 690 equitum,
569 617 740 692 aequioribus
761 617 836 692 jugis
859 617 979 676 circum-

81 702 181 762 vecta,
197 693 383 750 nobilissimos
404 691 566 768 Belgarum,
587 693 617 751 in
640 696 702 770 qula
727 693 829 752 ducem
852 693 979 754 Valenti-

84 789 168 837 num,
183 770 269 845 cepit.
867 834 869 843 ,

127 845 248 904 LXXII.
289 845 410 904 Cerialis
430 853 545 922 postero
564 847 611 904 die
631 849 769 908 coloniam
782 849 981 908 Treverorum

80 925 231 998 ingressus
256 930 310 992 est,
333 923 415 980 avido
440 924 528 982 milite
551 924 684 982 eruendae
710 925 853 984 civitatis:
876 927 980 986 ‘Hauc

84 1010 98 1036 ί
113 1017 179 1057 esse
200 999 327 1067 Classici,
349 1000 420 1058 hanc
443 999 559 1057 Tutoris
581 1002 723 1076 patriam:
748 1003 849 1060 horum
869 1006 980 1062 scelere

84 1078 223 1136 ‘clausas
246 1095 392 1151 cassasque
414 1077 551 1150 legiones.
592 1078 665 1146 Quid
683 1085 789 1135 tantum
812 1078 981 1138 Cremonam

85 1154 263 1222 ‘meruisse
283 1171 369 1229 quam
388 1173 404 1211 e
426 1154 534 1226 gremio
561 1153 649 1210 ltaliae
673 1162 791 1229 raptam,
813 1157 878 1229 quia
899 1159 980 1214 unius

83 1239 95 1266 1‘
113 1231 323 1288 noctismoram
343 1230 497 1290 victoribus
519 1231 672 1290 adtulerit?
712 1233 792 1287 Stare
811 1231 840 1287 in
861 1233 980 1290 confinio

84 1308 275 1365 ‘Germania
308 1309 444 1381 integram
476 1309 583 1374 sedem,
613 1307 711 1382 spoliis
744 1308 920 1365 exercituum
947 1319 981 1366 -et

85 1393 96 1420 ⁴
113 1385 217 1442 ducum
239 1385 362 1442 caedibus
382 1391 521 1442 ovantem.
563 1385 751 1459 Redigeretur
771 1385 868 1459 praeda
888 1385 917 1442 in
934 1385 980 1443 lis·

89 1473 100 1500 ⁸
115 1480 202 1521 cum:
224 1461 292 1536 ipsis
314 1461 445 1518 sufficere
465 1461 553 1536 ignes,
567 1469 597 1519 et
617 1460 731 1520 rebellis
744 1461 864 1520 coloniae
879 1463 980 1532 ruinas,

87 1538 219 1614 ‘quibus
237 1545 279 1596 tot
297 1548 453 1596 castrorum
475 1539 584 1597 excidia
603 1537 810 1614 pensarentur!
851 1537 981 1608 Cerialis,
1067 1586 1073 1592 ,
1124 1587 1125 1634 ;

11 1666 19 1672 .
88 1635 109 1673 a
132 1625 210 1674 metu
234 1613 416 1684 infamasset
438 1615 551 1675 licentia
573 1617 738 1693 saevitiaque
761 1617 889 1677 imbuere
910 1619 980 1676 mili-

89 1699 152 1751 tem
174 1693 353 1762 crederetur,
373 1695 477 1768 pressit
499 1695 576 1752 i'ras:
598 1701 627 1752 et
650 1713 783 1770 paruere,
798 1694 889 1770 posito
912 1696 981 1752 civi·

88 1789 141 1828 um
165 1771 253 1840 bello,
280 1771 314 1828 ad
346 1778 462 1830 externa
491 1772 687 1831 modestiores.
741 1772 891 1830 Convertit
916 1773 981 1830 inde

90 1848 208 1916 animos,
235 1848 386 1906 accitarum
412 1867 429 1905 e
455 1847 673 1906 Mediomatricis
699 1850 840 1924 legionum
866 1849 981 1908 misera-

90 1925 158 1982 bilis
191 1932 328 2000 aspectus.
393 1925 507 1982 Stabant
537 1926 709 1982 conscientia
741 1925 835 1998 flagitii
866 1935 982 1996 maestae,

90 2002 157 2062 lixis
175 2002 204 2059 io
223 2010 328 2062 terram
349 2001 446 2060 oculis.
489 2001 573 2058 Nulla
592 2001 668 2058 inter
686 2010 821 2059 coeuntes
842 2003 983 2081 erepcitus

92 2080 301 2139 consalutatio:
328 2097 422 2156 neque
441 2078 592 2136 solantibus
616 2077 828 2142 hortantibusve
850 2081 984 2151 responsa

91 2157 205 2225 dabant,
218 2157 303 2214 abditi
324 2175 378 2232 per
403 2155 534 2224 tentoria,
555 2162 584 2213 et
607 2155 700 2224 lucem
727 2155 814 2230 ipsam
840 2154 981 2212 vitantes:

92 2255 147 2294 nec
161 2235 286 2310 perinde
310 2234 472 2309 periculum
491 2241 538 2290 ant
560 2241 661 2301 metus,
676 2235 759 2308 qu‘arn
777 2232 870 2308 pudor
890 2231 922 2290 ac'
935 2233 984 2290 de-

92 2313 181 2372 decus
207 2311 458 2388 obstupesecerat3
490 2311 611 2398 attomtis
637 2312 721 2368 etiam
743 2311 909 2380 victoribus
937 2315 984 2388 qui

92 2409 193 2449 vocam
215 2389 391 2464 precesque⁵l
414 2388 551 2448 adbibere
574 2391 719 2458 nonensi,
744 2389 868 2449 lacrimis
892 2409 924 2448 ac
947 2391 983 2448 si-

91 2469 182 2527 lentio
193 2468 304 2524 veniam
318 2469 474 2542 poscebant
490 2490 496 2524 :
518 2468 609 2526 donec
624 2466 745 2526 Cerialis
762 2470 912 2536 mulceret,
927 2469 984 2525 ani-

92 2563 166 2614 mos,
194 2544 271 2602 ‘fato
298 2546 367 2603 acta'
394 2545 533 2615 dictitans,
561 2556 648 2620 ‘quae
680 2545 798 2601 militurn
826 2545 985 2618 ducumque

92 2622 267 2692 ‘discordid,
294 2623 342 2680 vel
367 2621 466 2685 fraude
492 2623 613 2680 boatium
640 2621 809 2678 evenissent.
860 2618 984 2676 Primum
1022 2644 1028 2670 t

92 2702 195 2758 ‘illurn
228 2700 432 2775 stipendiorum
463 2707 492 2755 et
521 2697 686 2754 sacramenti
719 2696 793 2750 diem
823 2695 982 2770 heberent:

91 2779 244 2854 ‘priorum
276 2777 430 2835 facinorum
464 2792 556 2849 neque
591 2772 805 2846 Imperatorem,
832 2788 924 2845 neque
951 2791 982 2830 se

92 2865 100 2892 ‘
116 2855 302 2914 meminisse!
343 2855 427 2912 Tunc
449 2851 559 2926 recepti
578 2849 606 2905 in
620 2847 716 2905 eadem
730 2854 822 2903 castra
838 2868 845 2915 ;
867 2853 896 2902 et
909 2847 985 2906 edic·

93 2939 154 2991 bum
176 2951 230 3008 per
254 2931 419 3006 manipulos,
440 2948 476 2986 ne
496 2929 558 3004 quis
576 2928 604 2983 in
622 2924 775 2984 certamine
791 2923 923 2999 Jurgiove
941 2943 984 2981 se·

90 3011 229 3068 ditionem
242 3018 288 3067 eut
308 3009 415 3067 cladem
429 3005 610 3064 commilitoni
625 3004 790 3078 objectaret.

130 3168 145 3220 1
169 3167 205 3221 Ut
215 3171 320 3220 ventum
333 3165 364 3218 iu
376 3181 482 3217 munus
519 3163 562 3216 lta
576 3160 655 3230 ⁴l'lor.
668 3159 774 3227 Regius
786 3170 814 3212 et
826 3157 985 3226 Ryckianns

92 3237 193 3302 codex,
206 3248 234 3290 et
246 3238 286 3290 sic
298 3236 369 3289 solet
381 3235 504 3287 Tacitus.
541 3231 632 3299 Vulgo
644 3235 675 3282 ut
686 3233 790 3281 venturu
803 3229 839 3280 ad
850 3244 956 3280 manus.

128 3308 147 3360 2
168 3305 285 3360 Cerialis
297 3324 314 3359 a
325 3309 395 3358 metu
406 3301 534 3372 insumite.
571 3299 797 3368 Praepositionem
811 3295 913 3358 deleuit
921 3295 985 3364 Lip-

93 3381 160 3444 sius,
173 3394 257 3446 quatn
270 3375 365 3442 scripti
377 3375 496 3436 codices,
514 3383 543 3424 et
562 3371 629 3424 editi
647 3381 711 3422 ante
731 3368 855 3448 Lipsiurn
873 3377 984 3420 tenent:

90 3451 168 3502 'hanc
180 3447 301 3500 restituit
313 3445 459 3509 Ernestus,
471 3454 501 3496 ut
514 3453 541 3495 et
552 3442 625 3495 infra
644 3437 729 3510 posito
742 3453 837 3490 ctutum
850 3435 922 3502 bello,
934 3454 985 3506 pro

92 3519 272 3586 vulgatorum
281 3514 369 3584 posito
381 3512 454 3566 civiti
465 3513 536 3565 tete.
923 3551 926 3554 .

129 3589 148 3641 3
170 3584 323 3657 Quioocem
337 3601 486 3654 precesque.
521 3581 657 3638 Voculam
679 3580 727 3653 qui
748 3580 822 3636 delet
840 3577 984 3633 Muretust

93 3674 147 3734 pro
159 3673 194 3710 ee
205 3658 316 3726 reponit
327 3655 469 3710 Acidalius
481 3651 551 3721 qnia.

1108 3687 1125 3748 t
