2254 3960
104 349 135 389 ε.
154 349 181 390 e.
200 333 245 390 ὥ.
423 349 428 354 ·
457 333 675 396 duantum.
953 345 1010 406 aar

91 481 213 550 terrie,
227 497 356 556 asperam
375 483 460 551 coelo,
478 483 589 544 anisam
608 486 686 544 culto
708 491 890 563 mpectnqne,
909 489 961 548 nisi
980 491 1006 550 si

112 559 207 632 patria
219 558 264 616 sit.
306 556 459 616 Celebrant
479 563 649 620 carminibus
672 563 790 640 antiquis
809 564 898 643 (quod
920 584 1007 626 unum

111 635 190 768 ‘aad
203 635 267 770 illoto
280 636 474 772 menggrtilalefiet
487 640 723 772 aiffialinmmgenns
735 639 791 718 est)
803 641 1006 732 '‘lTuistonem

111 729 384 864 offitiis?
411 723 513 849 otilo
533 734 597 850 tt
606 727 1005 870 offitiil'ilffi

111 865 296 924 ‘nominihus
319 868 441 941 proximi
462 869 577 926 Oceano
598 870 773 942 Ingaevones,
786 871 871 930 medii
891 871 1006 940 Hermi,-

107 949 119 978 ⁴
135 959 217 1012 ones,
230 943 320 1002 ceteri
341 944 495 1002 Istaevones
515 947 674 1004 vocentur)
714 948 834 1017 Quidam
853 956 957 1020 sutem,
971 952 1003 1010 li·

108 1021 208 1079 ce'ntid
220 1021 375 1089 vetustatis,
389 1023 508 1097 ‘plures
518 1022 572 1080 deo
586 1029 673 1093 ortos,
687 1025 840 1099 pluresque
851 1028 942 1100 gentis
956 1047 1004 1104 ap-

110 1097 315 1174 ⁴pellationes,
338 1098 459 1168 Marsos,
482 1099 671 1169 Gambrivios,
698 1101 816 1170 Suevos,
843 1099 1003 1164 Vandalios’

110 1173 278 1232 adfirmant:
301 1194 392 1252 eaque
413 1195 484 1234 vera
503 1184 532 1235 et
552 1177 662 1252 antiqua
682 1178 803 1234 nomina.
844 1185 852 1214 ⁴
869 1178 1009 1246 caesim,

109 1257 118 1286 ⁴
134 1251 297 1310 Germaniae
311 1255 480 1315 vocabulum
493 1273 604 1322 recens,
619 1263 647 1312 et
666 1273 759 1330 nuper
772 1253 912 1325 additum
934 1276 1003 1332 quo·

108 1335 118 1363 ⁴
136 1329 221 1399 niam,
235 1331 283 1405 qui
296 1331 380 1405 primi
395 1329 528 1388 Rhenum
539 1332 705 1406 transgressi
718 1331 815 1388 Gallos
828 1333 1006 1407 expulerint,

109 1412 118 1439 ⁴
137 1425 171 1464 ac
181 1425 255 1464 nunc
269 1407 463 1482 Tungri‚tunc
477 1409 612 1466 Germani
626 1409 717 1466 vocati
735 1409 807 1467 sint:
829 1408 868 1466 ita
885 1409 1003 1477 ustionis

108 1490 117 1517 ⁴
135 1501 248 1552 nomen,
260 1504 315 1544 non
335 1486 434 1558 gentis,
449 1487 589 1544 evaluisse
609 1485 765 1561 paullatim,
778 1493 809 1542 ut
822 1503 934 1554 omnes,
943 1489 1001 1562 pri-

108 1567 118 1595 ⁴
135 1561 210 1618 milm
223 1562 364 1631 astatore,
374 1565 410 1620 ob
421 1571 536 1632 metum,
547 1583 612 1621 mox
621 1565 637 1619 ὲ
646 1563 870 1637 seipsisinvento
878 1563 1001 1636 nomine,

108 1645 117 1672 ⁴
130 1637 271 1696 (ismioni
291 1642 481 1698 vocarentur)
523 1641 621 1698 Fuisse
636 1641 709 1716 a'pud
729 1659 779 1698 eos
792 1647 821 1698 et
834 1639 1000 1712 Herculem,

107 1724 288 1802 memorant5
317 1717 494 1793 primumque
515 1718 636 1776 omnium
657 1718 781 1776 virorum
801 1717 915 1776 fortium
933 1719 1000 1779 ituri

103 1809 137 1848 m
148 1793 387 1930 ῧτῐωὴέιοιπυίῗῖἰᾎ
407 1873 470 1930 hmo
491 1892 604 1949 quoqne
617 1874 751 1942 carmina,
766 1854 888 1948 qnorum
898 1875 1001 1949 relatu,

106 1963 195 2022 quem
217 1947 369 2006 Barditum
393 1957 504 2019 vocant,
526 1949 681 2008 accendunt
701 1951 817 2017 animos,
837 1950 1001 2028 futuraque

4 2093 9 2100 Ι
105 2041 210 2110 pugnae
225 2025 370 2083 'fortunam
389 2026 451 2100 ipso
472 2034 555 2084 cantu
576 2033 762 2100 augurantur:
784 2034 892 2084 terrent
913 2029 997 2099 enim,
1058 2045 1066 2052 ’

105 2103 296 2176 trepidamus,
316 2103 400 2178 prom
419 2104 512 2161 sonuit
531 2105 616 2166 acies.
666 2101 729 2161 Nec
749 2111 804 2160 tam
824 2120 909 2162 voces
929 2103 998 2176 illae,

105 2177 191 2253 quam
204 2179 314 2237 virtutis
335 2189 498 2247 concentus,
509 2181 660 2239 videntur:
683 2179 840 2238 adfectatur
854 2180 998 2256 precipue

105 2257 243 2330 asperitas
256 2256 329 2322 soni,
343 2265 373 2314 et
392 2255 511 2314 fractum
527 2275 663 2326 murmur,
674 2257 791 2334 objectis
805 2257 840 2315 ad
849 2276 880 2316 os
900 2259 997 2332 scutis,

104 2335 166 2407 qno
179 2334 333 2408 plenioret
345 2335 458 2406 gravior
472 2353 527 2392 vox
541 2353 712 2410 repercussu
724 2336 898 2395 intumescat.
939 2335 996 2396 Ce-

105 2411 198 2468 terirm
218 2418 247 2469 et
260 2419 268 2445 ⁴
281 2409 405 2468 Ulixem‘
420 2411 532 2487 qnidam
553 2414 711 2488 opinantur,
726 2414 827 2488 ‘longo
846 2411 898 2472 illo
915 2421 944 2472 et
956 2414 996 2474 sa·

105 2495 113 2522 ⁴
127 2489 211 2545 bolos
224 2505 326 2546 errore
338 2488 372 2546 iu
380 2489 455 2546 hunc
471 2489 615 2548 Oceanum
628 2492 763 2558 delatum,
774 2491 864 2550 adisse
877 2491 995 2552 Germa·

103 2571 112 2598 ⁴
128 2565 185 2622 nias
197 2571 298 2633 terras,
315 2566 578 2639 Asciburgiumqne,
592 2567 668 2639 quod
688 2567 716 2621 in
730 2567 791 2640 ripa
805 2563 899 2622 Rheni
912 2566 996 2624 situm

104 2641 269 2717 ‘hodieque
289 2643 430 2712 incolitur,
446 2645 480 2698 ab
498 2642 549 2712 illo
569 2642 747 2712 constitutum
768 2641 994 2717 nommatumqne

103 2723 400 2777 ‘urxtnrrrtom
459 2720 543 2776 Aram
569 2717 720 2792 quinetiam
747 2715 825 2773 Ulixi
846 2735 993 2776 consecra·

103 2804 194 2866 ‘tam‚
209 2799 320 2874 abjecto
342 2799 452 2854 Laertae
474 2795 559 2870 patris
580 2793 702 2860 nomine,
723 2792 823 2850 eodem
841 2793 906 2850 loco
926 2794 993 2852 olim
1021 2774 1055 2852 ⁴.

101 2881 109 2908 ⁴
126 2882 290 2948 repertam:
312 2881 557 2948 monumentaque,
572 2879 600 2928 et
619 2871 738 2928 tumulos
753 2869 895 2944 quosdam,
909 2869 991 2940 Grae·

101 2959 110 2986 ⁴
125 2951 168 3008 cis
181 2952 272 3009 literis
292 2952 320 3008 in
340 2952 471 3026 scriptos,
485 2951 513 3006 in
527 2948 647 3006 confinio
658 2946 819 3004 Germania
833 2945 1005 3022 uariaque,

100 3027 217 3086 ‘adhuc
240 3036 352 3086 exstare
366 3029 385 3085 :’
417 3045 479 3102 quae
505 3043 599 3101 neque
624 3023 789 3085 confirmare
812 3023 991 3097 argumentis,

99 3123 196 3180 neque
218 3105 353 3163 refellere
376 3105 405 3161 in
425 3104 516 3162 animo
536 3110 598 3160 est:
621 3117 657 3158 er
676 3101 788 3177 ingenio
807 3118 858 3158 sno
871 3099 991 3180 quisque
1086 3125 1089 3130 ·
1117 3103 1120 3106 ’

99 3183 203 3318 ᾳεῗῐῗ,
217 3181 605 3336 vleplsaedggtrtiigeffpiaionibus
619 3255 734 3325 accedo,
747 3255 795 3330 qui
808 3253 991 3342 ‘'Germaniae

99 3347 107 3374 ⁴
124 3337 244 3414 populos
255 3336 339 3394 nullis
349 3336 408 3392 aliis
422 3335 538 3392 aliarum
550 3333 692 3391 notionum
702 3331 847 3389 connubiis
858 3329 989 3400 infectos,

98 3425 107 3452 ⁴
123 3415 278 3490 propriam,
292 3420 322 3471 et
344 3413 492 3480 sinceram,
506 3418 535 3467 et
553 3410 658 3473 tantrlm
677 3409 721 3466 sul
740 3408 859 3466 similem
876 3412 989 3486 gentem

98 3501 107 3528 ⁴
123 3491 273 3548 exstitisse'
288 3490 467 3548 arbitrantur.
489 3485 572 3544 Unde
582 3486 814 3622 habitruquogue
824 3501 989 3560 corporum,

97 3585 268 3648 quamquam
285 3567 314 3626 in
334 3573 410 3626 tanto
431 3565 575 3702 homimem
596 3579 724 3635 numero,
745 3563 755 3622 i
774 3579 822 3626 em
839 3561 987 3630 omnibns·-
