2252 3958
145 299 179 358 ss
324 337 326 342 ,
434 305 466 360 c.
485 287 599 360 coitu.
616 301 752 360 sacrm
859 301 1047 382 susem

125 447 231 522 'niani,
263 449 433 510 Bebriacum
459 455 598 527 petentes.
641 453 811 510 Immensum
836 449 865 507 id
888 443 1053 526 spatiumzl'

147 527 298 587 obstructae
319 536 412 601 strage
433 544 587 604 corporum
610 528 684 586 viae:
707 531 764 604 quo
787 528 851 602 plus
866 527 957 586 cedis
972 525 1044 586 fuit:

34 683 37 689 Ι
147 623 241 680 neque
255 607 329 664 enim
355 605 485 664 civilibus
504 607 599 674 bellis,
613 605 689 680 capti
702 607 731 662 in
744 605 871 681 praedam
882 610 1042 662 vertuntur.

149 682 296 740 Suetonius
322 681 477 752 Paullinus,
503 691 532 741 et
558 683 682 740 Licinius
697 683 848 751 Proculus,
860 681 988 740 dirersis
1000 680 1042 738 iti·

148 760 274 828 neribus‚
298 767 389 817 castra
412 761 551 820 vitavere.
593 758 716 817 Vedium
738 760 880 834 Aquilam,
899 757 1043 816 tertIaede·

148 836 228 894 cimae
252 837 371 911 legionis
392 838 523 912 legatum,
544 839 596 895 ires
622 837 741 894 militum
754 837 928 894 inconsultus
953 853 1041 910 pavor
1108 895 1109 903 ,

148 913 257 970 obtulit.
299 913 390 972 Multo
409 917 500 974 adbuc
513 915 559 972 die
573 914 678 972 vallum
691 915 844 989 ingressus,
858 915 986 971 clamore
1000 931 1056 972 sen

87 1045 90 1054 ,
148 987 311 1056 ditiosoium
325 999 354 1049 et
385 991 524 1066 fugacium
550 992 812 1067 circumstrepitur:
835 1010 890 1047 non
918 989 1044 1064 probris,

63 1129 67 1135 ,
148 1085 206 1124 non
229 1069 356 1126 menibus
383 1071 542 1128 abstinent:
562 1071 762 1128 ‘desertorem
799 1068 1041 1143 proditoremque'

150 1144 316 1222 increpant3
337 1149 415 1206 nullo
429 1149 547 1224 proprio
560 1148 678 1204 crimine
702 1145 774 1222 ejus,
788 1146 851 1213 sed,
861 1153 946 1202 'more
958 1145 1044 1218 vulgi,

149 1240 230 1280 suum
244 1225 362 1300 quisque
386 1225 519 1300 flagitium
532 1219 591 1282 aliis
619 1224 802 1298 objectantes.
845 1221 995 1278 Titianum
1018 1229 1045 1280 et

150 1296 266 1360 Celsum
282 1321 340 1360 nox
361 1304 446 1378 jusit,
460 1301 603 1376 dispositis
622 1301 682 1375 ⁸iam
697 1301 835 1369 excubiis,
859 1298 1044 1374 compressis·

150 1393 205 1452 que
232 1380 375 1445 militibus,
397 1398 477 1454 quos.
493 1378 599 1435 Annius
621 1379 719 1436 Gallus
742 1379 886 1453 precibus,
915 1377 1045 1448 consilio,

150 1455 314 1511 auctoritate
338 1455 468 1523 flexerat,
489 1465 548 1513 ‘ne
563 1474 650 1530 super
668 1456 777 1512 cladem
790 1457 917 1513 adversas
932 1473 1044 1528 pugnas,
1108 1463 1109 1472 ¹

151 1537 158 1563 ‘
173 1531 288 1587 suismet
298 1530 353 1605 ipsi
361 1533 484 1591 caedibus
493 1532 628 1590 sevirent
640 1555 646 1589 :
669 1534 729 1590 sive
743 1533 806 1590 finis
819 1533 896 1588 bello
908 1531 1045 1600 venisset,

151 1613 224 1663 ‘seu
251 1626 397 1665 resumere
421 1614 497 1668 aima
518 1611 643 1678 mallent,
664 1611 776 1668 unicum
790 1610 872 1668 victis
883 1610 911 1666 in
926 1627 1045 1666 consen-

151 1691 159 1717 ‘
173 1701 206 1740 su
216 1686 427 1744 levamentum.'
457 1687 572 1746 Ceteris
585 1687 691 1746 fractus
705 1689 824 1750 animus,
853 1687 1045 1746 Praetorianus

150 1759 241 1830 miles,
263 1771 341 1821 ‘non
364 1765 469 1823 virtute
492 1783 534 1834 se,
561 1767 612 1823 sed
626 1766 785 1840 proditione
800 1764 917 1824 victnm’
940 1763 1045 1822 freme-

149 1837 206 1895 bat.
247 1848 256 1922 ξ
272 1839 318 1900 Ne
344 1841 504 1901 Vitellianis
522 1844 636 1918 quidem
661 1844 837 1901 incruentam
850 1841 940 1900 fuisse
956 1842 1046 1900 victo-

148 1916 253 1988 .‘·riam,
278 1921 359 1994 pulso
383 1923 489 1996 equite,
513 1923 592 1995 rapti
615 1921 733 1994 legionis
757 1921 868 1996 aquild:
892 1939 1048 1995 superesse

46 2009 55 2024 ·
151 1998 238 2052 ‘cum
257 1997 319 2072 ipso
333 1998 447 2057 Othone
469 1998 587 2056 militum
607 1999 681 2072 quod
708 2005 785 2055 trans
805 1997 912 2054 Padum
936 1997 1044 2056 fuerit:

151 2074 273 2132 ‘venire
296 2073 428 2134 Moesicas
454 2075 597 2150 legiones:
619 2094 746 2149 magnam
764 2075 906 2133 exercitis
930 2081 1046 2148 partem

151 2155 159 2183 ‘
174 2149 308 2210 Bebriaci
321 2154 506 2210 remansisse:
529 2153 581 2210 hos
600 2154 677 2209 certe
691 2151 814 2210 nondum
824 2153 935 2221 victos3
958 2159 1000 2218 et,
1022 2151 1045 2209 si

152 2234 160 2262 ‘
175 2227 212 2283 ita
225 2227 324 2297 ferret,
341 2231 486 2288 bonestids
498 2230 526 2286 in
550 2230 612 2287 acie
626 2230 792 2304 perituros.'
833 2229 886 2286 His
900 2227 1046 2302 cogitatio·

148 2303 232 2362 nibus
253 2313 348 2362 truces
372 2313 419 2362 aut
432 2306 538 2382 pavidi,
559 2309 686 2364 extreme
699 2307 897 2381 desperatione
925 2305 1045 2362 adirem

152 2380 265 2454 saepius,
278 2384 360 2458 quim
368 2383 397 2440 in
406 2381 594 2451 formidinem,
605 2384 826 2444 stimulabantur.

190 2457 280 2518 XLV.
321 2461 357 2518 At
382 2459 549 2518 Vitellianus
570 2462 724 2532 exercitus,
746 2463 781 2519 ed
804 2463 931 2537 quintum
953 2461 1043 2519 aBe·

150 2535 247 2595 briaco
261 2538 383 2614 lapidem
402 2538 538 2607 consedit,
564 2557 619 2596 non
643 2540 716 2597 ausis
742 2539 859 2598 ducibus
878 2540 979 2597 eidem
999 2539 1044 2597 die

153 2617 389 2692 oppugnationem
414 2626 589 2675 castrorum:
625 2617 707 2674 simul
742 2617 899 2674 voluntaria
928 2616 1042 2674 deditio

152 2695 329 2768 sperabatur,
372 2695 427 2752 Sed
440 2695 591 2770 expeditis,
605 2701 635 2752 et
644 2696 748 2752 tantimr
761 2695 799 2752 ad·
806 2695 940 2769 proelium
948 2713 1042 2768 egres·

152 2771 200 2839 sis,
220 2773 421 2831 munimentum
443 2771 525 2830 fuere
550 2791 626 2830 arma
640 2781 668 2829 et
681 2771 810 2830 victoria.
851 2771 972 2828 Postera
984 2771 1039 2840 die,

98 2906 112 2930 ἰ
152 2844 226 2904 haud
240 2849 366 2922 ambigua
378 2848 530 2912 Othoniani
541 2849 684 2906 exercitus
694 2850 848 2917 voluntate,
871 2856 901 2905 et
923 2848 974 2923 qui
1000 2845 1041 2904 se·

152 2925 279 2984 rociores
305 2924 417 2983 fuerant
443 2927 475 2982 ad
502 2925 695 3000 poenitentiam
728 2925 937 3008 inclinantibus,
959 2925 1041 2982 missa

132 3001 266 3074 ''legatio,
287 3020 340 3058 nec
354 3002 427 3076 apud
448 3002 534 3060 duces
557 3003 723 3064 Vitellianos
745 3003 911 3070 dubitatum,
935 3001 1041 3078 quomi-

150 3096 204 3136 nus
218 3097 316 3154 pacem
330 3079 530 3138 concederent.
568 3077 667 3154 Legati
688 3081 848 3156 paullisper
860 3078 965 3136 retenti
979 3100 986 3135 ε
1008 3097 1042 3134 ea

107 3181 110 3186 ·
151 3175 199 3217 res
210 3155 424 3218 -haesitatiunem
445 3157 547 3228 attulit,
565 3157 667 3232 ignaris
682 3157 772 3238 adbuc
783 3177 818 3215 an
830 3157 1038 3232 impetrassent.

132 3309 139 3313 ’
188 3313 553 3384 llmmeasamidspatiam.
583 3311 914 3382 Respectut‘ugientium,
935 3309 1042 3380 quide-

151 3380 201 3432 lst'
222 3383 270 3444 ati,
281 3399 347 3448 pers
358 3385 443 3436 etism
454 3383 601 3436 vulnerati.
631 3381 761 3436 Proelium
773 3382 876 3434 medio.
884 3381 1042 3454 formose·-

155 3447 193 3499 tio
237 3449 377 3522 ebriacum
400 3453 473 3504 inter
485 3463 513 3505 et
535 3453 703 3506 Cremonam
719 3452 901 3506 commissum
924 3449 1042 3516 ostelia

157 3523 251 3572 autem
262 3518 346 3574 urbes
357 3519 498 3581 distabunt
511 3521 545 3574 12
556 3522 729 3583 milliaribus.¹
