2254 3960
120 289 171 336 a,
192 271 282 336 aas.
500 227 719 335 bennam.
1013 279 1070 340 Μ

134 412 213 477 iiam
227 421 295 494 erga
308 435 361 478 nos
374 415 511 477 deorum:
535 439 600 478 nam
612 441 649 480 ne
663 411 826 499 s'pect'aculo
859 425 953 484 uidem
973 429 1067 502 proelii

140 497 297 555 invidere:
313 515 402 572 super
412 515 449 554 nx
458 498 554 567 millia,
563 518 620 556 non
629 501 714 558 armis
723 501 843 578 telisque
880 504 1066 576 omanis,sed‚

142 574 226 649 quod
239 573 460 649 magnificentius
475 581 527 643 est,
539 576 720 634 oblectationi
731 580 877 654 oculisque
890 581 1064 642 cecideruut.

140 651 264 709 Maneat
284 670 392 726 queso,
405 653 545 727 duretque
568 655 707 727 gentibus,
722 655 746 712 si
766 675 821 713 non
835 675 913 714 amor
926 660 1026 727 nostri,
1040 668 1067 718 at

139 731 227 788 certe
239 729 333 814 odium
346 729 408 789 sut:
432 731 553 804 quando,
563 732 727 805 urgentibus
736 734 848 808 imperii
858 733 921 792 satis
931 736 1000 794 nihil
1006 738 1066 812 jam

138 815 285 888 prestare
299 807 411 864 fortuna
424 807 512 882 majus
527 814 630 883 potest,
642 811 725 883 quarn
746 811 869 869 hostium
888 812 1063 872 discordiam.

186 884 323 943 XXXIV.
342 885 529 960 'Angrivarios
540 891 569 942 et
582 884 741 945 Chamavos
755 889 1066 964 singolarmente

129 963 288 1022 'Chasuari
298 963 423 1032 cludunt,
435 965 555 1038 aliaque
563 969 661 1036 gentes
672 965 745 1022 hand
754 966 881 1039 perimde
892 977 1063 1028 memorate.

137 1044 172 1101 Α
185 1041 279 1100 fronte
293 1039 377 1100 Frisii
391 1043 546 1117 excipiunt.
588 1049 595 1074 ‘
609 1040 764 1116 Majoribus
778 1045 990 1122 minoribusque
1000 1048 1062 1106 Fri·

140 1129 153 1166 ἕ
169 1121 229 1178 siis’
245 1111 414 1178 vocabuium
428 1117 481 1186 est,
496 1137 532 1175 ex
546 1118 765 1176 modovirium:
788 1129 918 1196 utraeque
937 1126 1064 1192 nationes

138 1215 237 1274 usqne
259 1200 293 1255 ad
326 1197 471 1255 Oceanum
485 1195 587 1253 Rheno
602 1193 807 1271 praetexuntur,
819 1199 999 1276 ambiuntque
1012 1203 1063 1260 im·

139 1293 259 1334 mensos
273 1277 389 1350 insuper
403 1277 491 1344 lacus,
504 1281 533 1333 et
546 1273 682 1332 Romanis
693 1276 828 1332 classibus
841 1277 994 1350 navigatus.
1017 1281 1063 1356 tp-

140 1373 208 1411 sum
217 1354 373 1428 ,quinetiam
382 1354 526 1411 Oceanum
538 1353 586 1409 illa
596 1355 763 1410 tentavimus
778 1374 784 1410 :
807 1361 838 1410 et
850 1372 1001 1429 superesse
1016 1358 1063 1414 ad-

140 1432 202 1488 huc
217 1431 350 1490 Herculis
361 1433 505 1488 columnas
514 1430 585 1488 fama
596 1431 738 1505 vulgavit:
760 1431 821 1487 sive
833 1431 899 1488 adiit
909 1431 1063 1504 Hercuies,

109 1577 112 1580 .
139 1528 197 1586 seu
211 1501 345 1589 quidquid
359 1510 463 1584 ubique
477 1509 654 1584 magnificum
666 1517 719 1578 est,
733 1509 762 1566 in
772 1510 927 1567 claritatem
941 1512 1001 1585 ejus
1016 1532 1061 1570 re·

139 1587 223 1646 ferre
247 1589 447 1646 consensimus.
481 1587 553 1644 'Nec
573 1587 663 1646 defuit
685 1587 815 1646 audentia
836 1588 929 1645 Druso
943 1589 1060 1648 Germa·

139 1666 228 1723 nico:
250 1667 301 1724 seri
324 1665 430 1736 obstitit
451 1666 583 1724 Oceanus
604 1667 632 1723 in
651 1685 695 1736 se,
710 1666 793 1724 simul
807 1673 891 1742 atque
904 1666 933 1723 in
947 1665 1060 1727 Hercu-

138 1745 212 1813 lem,
226 1743 343 1820 inquiri.‘
382 1745 451 1802 Mox
466 1764 548 1802 nemo
562 1745 699 1802 tentavit:
721 1746 900 1820 sanctiusque
915 1764 946 1802 ac
961 1765 1060 1804 rever·

138 1823 236 1900 entius
251 1823 350 1891 visum,
364 1824 400 1880 de
415 1825 483 1880 actis
498 1824 617 1880 deorum
630 1824 764 1891 credere,
779 1825 862 1897 quam
876 1823 962 1894 scire.

183 1899 304 1963 XXXV'.
327 1903 470 1961 Hactenus
484 1899 512 1958 in
527 1900 713 1967 Occidentem
726 1901 908 1957 Germaniam
921 1903 1058 1963 novimus.

139 1981 178 2039 In
198 1981 435 2054 Septemtrionem
459 1979 564 2052 ingenti
587 1976 664 2034 flexu
683 1978 767 2052 redit·
808 1979 849 2034 Ac
864 1978 956 2052 primo
970 1981 1060 2040 statim

139 2057 326 2116 Chaucorum
346 2077 425 2132 gens,
440 2074 606 2132 quamquam
617 2055 738 2130 ‘incipiat
752 2055 890 2124 aFrisiis,
905 2075 936 2112 ac
950 2065 1060 2131 partem

136 2135 233 2196 litoris
259 2145 390 2210 occupet,
409 2135 545 2203 omnium,
560 2153 629 2208 quas
653 2133 782 2208 exposui,
803 2134 1060 2206 gentiumlateribus

139 2213 314 2282 obtenditur,
328 2215 418 2271 donec
433 2213 461 2270 in
473 2211 570 2270 Cattos
581 2230 671 2287 usque
682 2213 818 2278 sinuetur.
862 2211 934 2268 Tam
943 2213 1059 2270 immem

138 2311 205 2350 sum
218 2299 358 2349 terrarum
372 2291 491 2366 spatium
514 2310 570 2348 non
592 2297 690 2348 tenent
709 2289 812 2350 tanttim
834 2289 953 2360 Chauci,
967 2291 1060 2351 sedet

137 2371 280 2445 implent:
308 2371 429 2446 populus
453 2369 528 2426 inter
549 2369 708 2428 Germanos
732 2368 930 2439 nobilissimus,
955 2370 1058 2446 'quique

137 2447 358 2523 magnitudinem
381 2465 459 2505 suam
480 2448 557 2505 malit
570 2449 685 2523 justitiet
701 2451 774 2506 tueri
792 2449 882 2506 :sine
895 2449 1075 2522 cupiditate„

137 2527 202 2584 sine
217 2527 390 2601 impotentia,
404 2527 494 2602 quieti
513 2528 686 2602 secretique,
700 2526 777 2586 nulla
797 2533 953 2600 provocant
973 2527 1057 2596 bella,

136 2603 224 2666 nuliis
235 2605 361 2679 raptibus
371 2615 418 2662 aut
431 2605 583 2662 latrociniis
594 2605 773 2678 populantur.
817 2603 905 2676 quue
916 2602 1056 2678 praecipu-

138 2701 187 2741 nm
201 2679 311 2740 virtutis
333 2703 364 2742 ac
386 2685 501 2757 viriqm«
511 2689 703 2754 argumentum
724 2689 778 2748 est,
796 2680 884 2756 quod,
898 2687 930 2736 ut
947 2682 1056 2754 superi-

137 2777 206 2820 eres
221 2769 311 2836 agant,
326 2780 450 2837 nonper
463 2760 578 2836 injurias
592 2759 793 2834 adsequuntur.
816 2757 951 2832 Prompta
964 2765 1057 2815 tamen

138 2840 269 2896 omnibus
284 2856 370 2908 arma,
385 2861 428 2909 ac,
441 2841 464 2902 si
482 2857 531 2896 res
541 2845 648 2914 poscat,
662 2839 824 2902 exercitus:
850 2835 1001 2910 plurimum
1015 2836 1055 2894 vi-

137 2937 236 2982 rorum
250 2917 465 2994 equorumque:
488 2925 517 2974 et
531 2917 740 2994 quiescentibus
754 2915 851 2972 eadem
865 2912 948 2970 sama.
963 2953 964 2962 η

178 2994 318 3058 xxxvl„
340 2997 371 3052 in
386 2999 476 3053 latere
491 2996 671 3053 Chaucorum
686 2994 901 3068 Cattorumque‚
916 2990 1056 3049 Cherusci

137 3075 252 3134 nimiam
265 3075 297 3132 ac
312 3081 485 3132 marcentem
498 3075 546 3131 diu
557 3093 656 3150 pacem
666 3072 808 3130 illacessiti
818 3068 991 3128 nutrierunt:
1014 3070 1054 3125 id·

138 3173 195 3230 que
211 3151 376 3230 jucundius,
391 3155 474 3228 qnam
489 3155 573 3210 tutius
587 3152 658 3210 suit:
681 3153 747 3227 quia
759 3151 834 3208 inter
846 3149 1014 3222 impotentes
1027 3155 1056 3205 et

136 3233 244 3290 validos
253 3230 324 3289 salsis
337 3233 464 3307 quiescas
477 3254 482 3287 :
507 3231 554 3288 ubi
565 3249 648 3288 manu
659 3231 759 3304 agitur,
770 3226 906 3286 modestia
916 3243 948 3282 ac
958 3226 1053 3300 probi·

136 3320 177 3368 tas
192 3309 304 3368 nomina
317 3310 474 3384 superioris
495 3317 568 3366 sunt.
611 3309 661 3376 Ita,
677 3309 724 3383 qui
743 3307 809 3364 oiim
824 3304 909 3360 ‘boni
923 3303 1054 3379 aequique

80 3429 83 3432 -
137 3399 147 3425 ⁴
162 3387 324 3456 Cherusci,'
339 3407 413 3446 nunc
428 3389 554 3446 ‘inertes
568 3407 599 3450 ac
613 3387 699 3444 stulti'
714 3391 870 3443 vocantur:
892 3377 981 3438 Cattis
994 3382 1065 3441 vic»

136 3467 245 3544 toribus
259 3465 373 3523 fortuna
386 3465 414 3524 in
435 3467 600 3542 sapientiam
620 3459 714 3522 cessit.
757 3461 856 3519 Tracti
877 3460 957 3518 ruina
976 3458 1053 3518 Che·

138 3563 296 3615 ruscorum,
312 3551 341 3602 et
355 3543 432 3615 Fosi,
446 3552 546 3602 conter
566 3545 639 3600 mina
657 3559 726 3618 gens
752 3541 936 3599 adversarum
958 3556 1053 3599 rerum

139 3642 271 3704 exaequo
284 3622 355 3682 socii
369 3624 431 3682 ciam
445 3623 473 3680 in
487 3622 626 3759 senungis2
628 3621 755 3680 minores
767 3617 895 3690 fuissent.
921 3691 923 3696 ¹
