2252 3958
150 288 185 347 ro
424 291 454 348 c.
475 289 588 350 conr.
610 288 744 344 ricrn
784 259 804 341 .’
862 303 968 344 nar.
981 286 1050 344 see
1122 375 1124 382 X

151 427 304 502 praefectus
319 428 381 496 alar,
397 427 429 484 in
449 428 563 486 Batavis
583 427 711 501 genitus3
733 425 782 498 ille
802 427 999 504 primipilaris,
1018 432 1049 484 et

154 502 277 564 Caecinae
288 507 361 562 hand
372 504 489 574 alienm,
504 505 581 579 qubd
591 503 704 561 ordines
713 503 742 559 in
752 501 903 558 Germanii
913 504 1045 560 duxerat.

191 581 299 640 XXlll.
341 581 489 654 Spurinna,
511 587 657 655 comperte
677 579 780 637 itinere
799 579 933 647 bostium,
947 578 1045 636 desen,-

151 675 212 714 sam
225 658 405 726 Placentiam,
429 677 549 732 queque
571 664 643 724 acta,
664 663 693 712 et
711 655 777 730 quid
791 655 906 714 Caecina
920 663 1045 730 pararet,

152 735 273 792 Annium
284 735 399 789 Gallum
410 752 464 808 per
476 734 573 790 literas
586 731 679 789 do'cet.
721 733 819 790 Gallus
832 733 975 806 legionem
985 733 1043 806 pri-

152 827 223 866 mam
245 810 427 866 inauxilium
446 809 598 866 Placentiae
622 809 752 877 ducebat,
775 807 881 865 diffisus
905 809 1044 882 paucitate

151 885 319 957 cohortium,
333 904 369 944 ne
383 887 491 960 longius
505 887 653 954 obsidium,
668 892 697 942 et
709 887 768 946 vim
780 885 945 942 Germanici
958 903 1042 956 exer·
1116 937 1119 944 .

151 960 219 1018 citus
243 981 342 1036 parum
362 964 536 1024 tolerarent:
558 963 607 1019 ubi
626 964 739 1038 pulsum
759 961 901 1019 Caecinam
921 980 1044 1037 pergere

151 1036 320 1096 Cremonam
326 1039 445 1116 accepit,
460 1059 536 1114 aegre
546 1041 698 1106 coercitam
706 1039 856 1114 legionem,
866 1046 895 1096 et
905 1039 1044 1114 pugnandi

150 1114 251 1172 ardore
265 1135 354 1192 usque
368 1117 402 1174 ad
421 1118 587 1184 seditionem
605 1135 792 1192 progressam,
814 1115 948 1174 Bebriaci
962 1115 1042 1174 sistit.
1125 1110 1126 1141 ³

150 1191 228 1249 inter
250 1191 392 1251 Veronam
405 1188 631 1270 Cremonamque
653 1195 721 1254 situs
746 1201 789 1250 est
809 1193 913 1261 vicus,¹
937 1193 1043 1254 duabus
1122 1233 1125 1264 ,

57 1300 59 1304 ·
144 1267 206 1342 jam
219 1267 350 1328 Romanis
364 1272 490 1328 cladibus
502 1280 594 1340 notus,
615 1269 819 1348 infaustaeque,
859 1270 963 1332 lisdem
983 1271 1042 1326 die-

150 1347 211 1416 bus,
227 1347 360 1406 aMartio
374 1348 484 1416 Macro,
506 1349 580 1414 haud
603 1349 703 1424 procul
727 1348 1042 1423 Cremonaprospere

149 1433 318 1497 pugnatum:
340 1443 460 1500 namque
480 1433 628 1500 promptus
650 1426 733 1482 aninri
747 1425 875 1493 Martius,
897 1432 1043 1482 transvec-
1124 1451 1125 1462 2

149 1505 192 1556 tos
218 1503 334 1559 navibus
359 1501 539 1575 gladiatores,
565 1504 594 1560 in
616 1503 763 1561 adversam
778 1497 854 1560 'Padi
876 1503 977 1578 ripam,
997 1519 1043 1558 re·

148 1577 233 1649 pente
247 1577 353 1635 effudit.
395 1577 575 1642 Turbataibi
587 1579 804 1640 Vitellianorum
817 1577 930 1650 auxilia,
951 1587 981 1637 et
994 1597 1042 1637 ce-

147 1653 217 1710 teris
231 1653 401 1712 Cremonam
414 1654 594 1734 fugientibus,
615 1659 682 1719 cesi
703 1660 751 1733 qui
773 1658 942 1716 restiterant.
985 1657 1043 1713 Sed
1121 1713 1122 1719 ,

147 1742 296 1806 repressus
310 1733 462 1796 vicentium
483 1733 613 1812 impetus,
634 1754 670 1793 ne
691 1737 771 1796 novis
795 1731 924 1798 subsidiis
938 1735 1043 1798 firmati
1115 1796 1118 1804 ¹

113 1831 117 1836 ·
147 1809 243 1867 hostes
261 1809 404 1868 ‘fortunam
423 1812 518 1890 proelii
537 1820 686 1882 mutarent.
699 1799 895 1888 'Suspectum
908 1813 937 1868 id
949 1812 1043 1868 Otho·
1118 1814 1122 1830 ¹

148 1886 236 1944 manis
250 1887 311 1956 suit,
326 1889 418 1962 omnia
432 1909 617 1967 quaecumque
629 1885 718 1948 'facta2
731 1891 819 1986 prave
831 1890 1042 1952 estimantibus.

149 1961 296 2034 Certatim,
317 1972 347 2028 ut
368 1968 486 2043 quisque
500 1968 591 2031 animo
604 1969 732 2042 ignavus,
748 1985 929 2043 proceriore,
953 1967 1043 2027 Anni-

147 2059 195 2100 um
214 2043 337 2113 Gallum,
361 2051 391 2104 et
412 2045 575 2102 Suetonium
596 2045 764 2114 Paullinum‚
786 2054 815 2104 et
835 2045 957 2102 Marium
971 2043 1044 2101 Cel·
1118 2058 1123 2073 ¹

147 2137 208 2178 sum
222 2122 301 2201 (nam
314 2141 363 2179 eos
377 2121 453 2180 Otho
474 2141 586 2198 quoque
606 2121 791 2202 praefecerat)
812 2119 897 2182 uariis
916 2122 1044 2181 crimini-

146 2197 199 2253 bus
213 2199 400 2257 incessebant.
441 2201 588 2258 Acerrima
607 2201 776 2260 seditionum
789 2221 822 2265 ac
834 2201 985 2266 discordiae¹
998 2200 1043 2254 in-

147 2271 304 2342 citamenta,
317 2275 515 2348 interfectores
528 2278 629 2334 Galbae
644 2300 650 2334 :
673 2274 785 2334 scelere
799 2282 828 2332 et
846 2282 923 2332 metu
936 2291 1042 2332 vecor-

147 2347 207 2416 des,
221 2351 342 2408 miscere
356 2360 465 2422 cuncta,
479 2355 564 2412 modo
577 2356 669 2430 palam
682 2353 800 2416 turbidis
810 2353 938 2421 vocibus,
951 2351 1042 2419 modo
1117 2355 1120 2369 “

118 2463 120 2468 ,
148 2426 263 2484 occultis
277 2427 311 2484 ad
324 2427 467 2488 Othonem
486 2431 576 2489 literis
590 2453 596 2488 :
620 2421 677 2506 qui'
691 2431 846 2489 humillimo
860 2430 962 2518 cuique
976 2448 1043 2488 cre-

146 2499 237 2570 dulus,
248 2505 336 2561 bonos
345 2511 483 2575 metuens,
494 2508 651 2584 trepidabat
661 2529 668 2578 3
691 2509 776 2565 rebus
790 2508 935 2584 prosperis
946 2525 1043 2566 incer-
1095 2507 1098 2511 ’

146 2584 199 2647 tus,
224 2585 253 2636 et
270 2580 346 2638 inter
365 2583 486 2641 adversa
504 2586 614 2642 melior.
657 2586 746 2658 Igitur
764 2585 906 2646 Titianum
920 2583 1041 2641 fratrem
1117 2633 1121 2640 .

146 2655 274 2728 accitum,
297 2659 374 2718 bello
395 2663 559 2736 preposuit.
601 2662 733 2736 interea,
760 2661 880 2724 Paullini
904 2667 932 2720 et
954 2659 1040 2728 Celsi

117 2759 121 2767 ¹
145 2732 240 2802 ductu,
255 2755 301 2792 res
315 2737 437 2812 egregiae
450 2745 547 2811 gestas.

184 2810 290 2870 XXIV.
332 2815 641 2902 AugebantCarcinam,
655 2817 1041 2906 nequidquamomniacoep-
1119 2872 1122 2896 ,

181 2965 195 3014 1
216 2965 286 3019 later
302 2967 431 3021 Veronam
452 2935 656 3040 Cremonampue
675 2969 747 3025 dtus
766 2976 805 3026 eat
825 2970 910 3026 viena
946 2969 1042 3024 Hodie

147 3027 276 3113 Giridale,
289 3046 319 3088 ut
331 3038 428 3090 cenet
439 3038 512 3092 Clar.
525 3039 703 3094 Danvilloeus.
738 3041 854 3108 molitu
865 3041 926 3110 jam
938 3039 1043 3093 Romo·
1122 3047 1123 3108 j

143 3102 324 3158 nmelodibue.
362 3105 484 3160 Primum
492 3110 564 3162 inter
573 3110 716 3162 Othonem
725 3121 753 3163 et
763 3107 1039 3176 Vitellium3doinde
1122 3113 1123 3116 ’

142 3170 213 3226 libro
225 3175 352 3244 sequenti
364 3177 436 3230 inter
448 3176 612 3232 Vitellianos
628 3190 657 3232 et
669 3177 829 3234 Flavianos.

176 3240 195 3294 2
216 3242 316 3298 Omnia
327 3247 584 3317 quorumqpesaeta.
621 3249 690 3302 Haee
702 3261 835 3318 corrupta
846 3250 874 3302 in
886 3265 954 3303 mss.
972 3247 1040 3305 Pla-

143 3311 188 3362 oet
210 3312 395 3376 Freinshemii
424 3318 587 3384 conjectura
616 3320 801 3383 emendantis,
828 3317 1039 3377 omniadecreta

66 3391 68 3394 ·
135 3377 229 3458 Ῐαοζατ
248 3383 301 3434 nisi
321 3385 401 3437 malis
422 3385 513 3438 nomio
535 3403 755 3455 quorumcumque
768 3389 858 3456 sactu,
869 3389 1041 3458 propterea

1 3501 2 3504 ,
113 3493 116 3498 ,
143 3456 307 3524 scripturam
318 3451 400 3522 Regii
411 3455 524 3532 codicis,
536 3455 677 3527 omniaque
687 3473 778 3514 vorum
782 3459 872 3528 sacto.

803 3547 811 3570 l

1055 3557 1061 3575 ἱ
1121 3483 1123 3530 l
