2252 3958
96 329 178 400 <m
274 299 278 304 ’
400 327 719 386 αοοιιΜΑοιπ
769 324 771 332 ’
831 325 1036 386 nassas.
1115 339 1125 370 ·=

32 483 45 536 .'
84 446 92 462 s
145 489 251 552 seouts,
263 481 411 556 impetrato
424 476 559 553 Tigellini
568 476 664 535 exibo.
686 473 846 551 Sophonius
860 472 1036 550 Tigellinus,

146 559 273 617 obscuris
293 555 465 631 parentibus,
488 554 561 612 feda
586 553 717 630 pueritil,
740 553 881 628 impudica
905 555 1037 622 senecta,

147 635 344 714 praefecturam
363 633 479 708 vigilum
501 639 531 689 et
555 631 692 707 praetorii,
709 637 739 698 et
751 631 805 686 alia
816 629 933 705 praemia
943 630 1034 687 virtu-

145 720 215 780 tum,
229 711 292 788 quia
306 711 430 768 velocius
444 715 505 766 erat
516 707 591 766 vitiis
609 708 736 784 adeptus,
749 707 945 764 crudelitatem
956 724 1036 774 mox,

147 787 247 845 deinde
261 787 412 854 avaritiam,
427 795 455 844 et
463 786 556 843 virilia
565 785 675 843 scelera
689 785 838 841 exercuit:
853 790 990 859 corrupto

148 883 228 922 omne
239 863 343 921 facinus
357 863 485 932 Nerone,
499 863 626 938 qnaedern
644 863 742 936 ignaro
761 879 854 928 ausus,
874 881 907 918 ac
920 868 1035 935 postre—
1114 903 1122 913 ,

134 943 194 1003 me
207 942 333 1016 ejusdem
346 942 476 998 desertor
489 959 520 997 ac
533 939 670 1016 proditor.
712 938 795 994 Unde
803 957 859 995 non
868 939 952 996 alium
967 955 1034 1012 per-

145 1017 263 1099 ‘linacids
277 1019 311 1075 ad
336 1037 447 1094 posnam
473 1016 644 1092 flagitavere,
658 1017 772 1074 diverso
789 1015 909 1083 adfectu,
932 1014 1035 1091 quibus

149 1096 241 1153 odium
266 1095 390 1152 Neronis
420 1096 521 1163 inerat,
548 1101 578 1151 et
602 1094 703 1168 quibus
729 1093 909 1150 desiderium.
949 1091 1036 1166 Apud

145 1171 263 1234 Galbam
277 1171 314 1229 T.
330 1171 406 1230 Vinii
420 1173 544 1248 potentia
556 1170 697 1238 defensus,
718 1170 900 1244 praetexentis
914 1177 921 1204 ‘
936 1187 1034 1226 serva-

148 1257 222 1307 ⁸tm
231 1251 264 1307 ab
276 1269 310 1306 eo
320 1249 405 1306 filiam
416 1251 435 1305 :'
450 1258 479 1307 et
488 1249 559 1306 haud
570 1248 653 1304 dubie
662 1255 836 1314 servaverat,
847 1247 1034 1310 nonelemen-
1125 1264 1126 1269 ¹

148 1327 185 1386 tis
207 1328 327 1416 (quippe
341 1335 382 1384 tot
395 1324 565 1402 intersectis)
580 1325 630 1380 sed
650 1323 752 1396 effugio
763 1324 790 1379 in
805 1320 944 1379 futurum:
966 1323 1037 1398 quia
1123 1319 1124 1346 ³

145 1421 284 1480 pessimus
315 1404 444 1477 quisque,
467 1401 619 1458 diffidentie
645 1401 827 1476 praesentium
852 1400 1037 1457 mutationem
1111 1465 1118 1476 .

148 1497 265 1556 pavens,
290 1479 424 1535 adversus
457 1478 601 1551 publicum
634 1479 728 1534 odium
753 1478 889 1552 privatam
917 1478 1037 1552 gratiam

149 1563 305 1637 praeparatu:
327 1555 402 1612 unde
414 1556 490 1612 nulla
502 1555 668 1616 innocentiae
682 1555 774 1624 cura‚¹
789 1555 838 1612 sed
852 1555 929 1612 vices
943 1555 1036 1629 impu·

150 1633 248 1692 nitatis.
289 1631 333 1689 Εὖ
344 1631 481 1690 infensior
495 1633 625 1708 populus,
646 1633 738 1690 addita
758 1633 885 1690 advetus
900 1631 1037 1706 Tigellini

147 1711 242 1768 odium
255 1709 363 1768 recenti
377 1707 418 1766 T,
426 1708 503 1768 Vinii
513 1710 627 1779 invidia,
650 1729 824 1769 concurrere
844 1729 862 1768 e
882 1711 940 1770 toti
962 1711 1035 1766 urbe
1114 1752 1120 1773 .,

150 1787 177 1848 in
190 1788 320 1864 palatium
334 1787 447 1858 anfora,
464 1797 493 1846 et
512 1789 560 1847 ubi
573 1789 777 1863 plurimarulgi
792 1788 914 1857 licentia,
936 1787 965 1844 in
978 1787 1036 1844 cir·

149 1884 213 1924 uum
227 1885 258 1922 ac
272 1867 381 1925 theatra
395 1866 487 1936 effusi,
498 1866 636 1924 seditiosis
650 1866 766 1924 vocibus
777 1867 962 1942 obstrepere:
984 1865 1037 1922 do-

150 1961 203 2000 nec
230 1943 397 2018 Tigellinus,
417 1951 535 2020 accepto
549 1944 622 2019 apud
636 1944 815 2000 Sinuessanas
838 1961 921 2018 aquas
935 1961 1036 2018 supre-

148 2037 201 2077 me
227 2021 399 2078 necessitatis
419 2022 530 2089 nuncio,
544 2021 619 2078 inter
644 2030 741 2096 stupra
763 2021 992 2090 concubinarum,
1008 2028 1038 2077 et
1117 2060 1121 2075 .

150 2099 253 2166 oscula,
267 2104 296 2154 st
316 2097 458 2157 deformes
477 2113 580 2166 moras,
594 2098 678 2156 sectis
689 2099 824 2155 novacula
836 2097 972 2168 saucibus,
993 2099 1036 2155 in·

150 2173 248 2232 samem
263 2175 347 2232 vitam
361 2174 477 2232 loedavit
489 2175 575 2232 etiam
585 2176 663 2232 exitu
676 2194 742 2232 sero
755 2183 784 2232 et
797 2175 955 2232 inhonesto.

122 2291 128 2302 ι
160 2251 320 2310 ·LXXlll.
355 2252 414 2310 Per
423 2252 497 2308 idem
511 2260 621 2327 tempus
636 2254 810 2328 expostulata
823 2253 855 2309 ad
866 2252 1039 2328 supplicium
1116 2296 1122 2318 1.

150 2326 248 2400 Calvia
257 2327 429 2401 Crispinilla,
442 2329 526 2386 variis
540 2328 775 2399 frustrationibus,
787 2337 816 2387 et
828 2330 945 2387 adversa
955 2329 1038 2387 dissi·
1117 2353 1121 2370 ¹

149 2406 278 2463 mulantis
288 2403 427 2478 Principis
440 2403 521 2473 fame,
532 2408 663 2480 periculo
677 2415 809 2482 exempta
822 2416 865 2464 est
878 2430 884 2464 :
906 2407 1039 2480 magistre
1119 2416 1120 2432 ³

150 2479 294 2539 libidinum
318 2481 450 2550 Neronis,
467 2489 640 2556 transgressa
662 2485 691 2541 in
711 2483 836 2541 Africam
850 2485 883 2540 ad
906 2485 1037 2558 instigan-

149 2558 214 2616 dum
233 2559 261 2616 in
282 2577 358 2618 arma
374 2557 510 2632 Clodium
528 2560 684 2630 Macrum,2
703 2561 804 2618 famem
817 2563 923 2636 populo
934 2559 1037 2619 Roma·
1115 2589 1119 2606 ι

150 2655 186 2694 no
213 2637 285 2694 haud
313 2637 430 2696 obscure
453 2639 558 2708 molita,
581 2640 664 2717 totius
678 2647 776 2714 postea
788 2639 909 2696 civitatis
922 2639 1039 2712 gratiam

149 2713 276 2784 obtinuit,
300 2713 438 2772 consulari
455 2716 630 2773 matrimonio
643 2717 771 2784 subnixa,
782 2723 812 2773 et
822 2715 894 2791 apud
907 2713 1037 2785 Galbam,

148 2791 297 2849 Othonem.
338 2789 489 2850 Vitellium
506 2794 621 2850 inlesa:
640 2808 710 2862 mox
730 2800 830 2868 potens
856 2793 989 2868 pecunie,
1012 2801 1040 2851 et

148 2868 277 2935 orbitate,
312 2879 355 2924 uae
368 2869 449 2925 bouis
462 2870 597 2943 malisque
611 2871 786 2945 temporibus
798 2871 999 2945 juxtavalent.
1055 2893 1057 2902 ·
1119 2871 1120 2876 ’

187 2941 280 2998 LXXI
311 2985 318 2998 .
341 2941 461 3000 Crebrae
472 2945 594 3013 interim,
604 2954 633 3004 et
645 2947 830 3003 muliebribus
840 2947 1038 3006 blandimentis

148 3017 270 3085 infecte,
293 3020 328 3074 ab
354 3019 467 3102 Othone
481 3021 514 3077 ad
540 3021 687 3080 Vitellium
709 3023 848 3098 epistolar,
880 3023 1040 3092 offerebant

149 3095 319 3170 ‘pecuniam
339 3101 369 3150 et
392 3097 518 3168 gratiam,
539 3105 568 3156 et
590 3116 797 3175 quemeumque
817 3100 920 3174 quietis
944 3101 1040 3158 lorum
1117 3171 1118 3180 χ

183 3249 196 3301 1
212 3250 286 3308 Unde
298 3250 376 3304 nulla
387 3250 544 3308 innocentie
556 3272 629 3310 cura.
649 3233 843 3314 Quamobrem
852 3271 935 3308 nemo
943 3255 972 3308 id
982 3255 1041 3324 egit

148 3328 179 3370 ut
187 3319 300 3372 innoxie
314 3321 396 3385 vivat,
415 3323 464 3375 ssd
474 3335 505 3376 ut
514 3325 671 3391 praestando
681 3325 742 3377 aliis
753 3325 950 3392 impunitatem
963 3339 1040 3377 eam-

150 3385 213 3438 dem
224 3388 282 3453 ipse
295 3390 348 3441 sibi
358 3407 406 3456 per
416 3379 593 3446 hos¹usserat

184 3453 486 3526 Meliustigendumin
497 3477 573 3516 oraro
581 3460 845 3520 ClodiumMaerrtm·
870 3460 908 3518 Ut
915 3439 1041 3518 Neronis

147 3517 457 3610 ultionomsuseiperet
528 3553 541 3577 ι
