2252 3958
54 346 109 406 aa
130 347 192 413 oo..
261 345 417 406 msroa
437 345 510 405 arn.
530 345 740 407 secururs.
901 338 935 404 o
1003 348 1006 362 ·
1119 308 1123 319 ’

54 496 155 556 torihm
166 487 275 555 Vitellii
296 497 452 574 dispersus,
473 515 508 556 en
520 497 549 554 in
562 496 623 573 ipsi
636 493 757 554 Othonis
770 501 864 570 parte,
884 513 935 554 seu

52 574 122 642 dolo,
142 593 194 632 seu
206 573 279 634 forte
293 576 463 644 surrexerit,
484 593 582 651 parurn
595 579 782 650 compertum.
825 571 936 630 omisso

52 669 146 726 pugore
170 653 282 722 ardore,
304 653 457 712 Othoniani
479 654 554 710 ultro
577 653 752 709 salutavere:
787 657 817 707 et
843 651 937 708 hostili

50 746 189 786 murmure
214 731 340 806 excepti,
361 731 506 806 plerisque
517 746 632 786 suorum
641 728 756 802 ignaris,
777 747 841 804 que
855 745 939 786 ceusu
1043 749 1050 758 ·

50 804 191 879 salutandi,
224 815 330 866 metum
362 807 528 883 proditionis
561 805 668 864 fecere.
711 803 787 864 Tum
813 806 939 864 incubuit

49 881 167 942 hostium
180 885 265 954 acles,
279 885 394 958 integris
407 885 562 954 ordinibus,
574 886 679 942 robore
693 891 722 940 et
735 901 853 941 numero
863 901 937 960 pre-

49 962 172 1019 stantior.
225 961 389 1030 Othoniani,
421 981 587 1037 quamquam
612 961 744 1036 dispersi,
780 961 939 1036 pauciores,

46 1036 122 1107 lessi,
136 1039 271 1113 proelium
291 1046 384 1094 tamen
410 1039 514 1095 acriter
539 1055 708 1113 sumpsere:
731 1045 760 1094 et
782 1040 938 1114 permees,

47 1116 197 1172 arboribus
212 1133 245 1170 ac
257 1114 349 1170 vineis
372 1115 531 1189 Impeditos,
553 1133 610 1170 non
629 1134 686 1170 una
708 1129 807 1190 pugnae
824 1116 936 1174 tocies:

46 1193 188 1260 cominus,
199 1191 376 1266 eminusque,
402 1192 524 1247 catervis
536 1199 575 1268 ‚et
587 1191 695 1259 cuneis,
719 1194 938 1250 concurrebant:

46 1270 75 1326 in
90 1265 193 1342 aggere
215 1269 281 1337 vise,
302 1265 404 1326 collato
424 1268 522 1341 gradu,
543 1269 713 1342 corporibus
727 1275 757 1323 et
777 1269 942 1328 umbonibus

40 1346 106 1415 niti,
136 1347 240 1404 omisso
263 1347 386 1421 pilorum
404 1345 494 1420 jactu,
514 1345 611 1419 gladiis
626 1353 655 1400 et
680 1345 829 1402 securibus
851 1347 943 1418 galeas
1033 1352 1038 1364 ’

48 1424 205 1499 loricasque
220 1441 409 1500 perrumpere
421 1445 428 1480 z
451 1430 599 1480 noscentes
614 1421 690 1482 inter
701 1441 745 1490 se,
758 1421 862 1480 ceteris
876 1439 942 1479 con·

49 1502 161 1575 spioni,1
176 1502 205 1558 in
218 1511 354 1560 eventum
367 1501 451 1558 totius
461 1501 529 1557 belli
543 1501 698 1558 certabant.

88 1577 194 1635 XLIII.
226 1579 314 1636 Forte
337 1580 412 1636 inter
426 1575 531 1636 Padum
544 1577 686 1655 viamque,
705 1579 812 1654 patenti
832 1597 942 1656 cumpo,
1033 1646 1037 1656 ,
1093 1578 1116 1605 '¹

50 1657 109 1714 due
134 1657 260 1731 legiones
284 1677 443 1732 congressae
465 1665 546 1714 sunt:
568 1677 622 1734 pro
639 1655 757 1714 Vitellio
779 1659 942 1716 unaetvice-

50 1734 124 1803 sima,
151 1737 198 1792 cui
225 1755 380 1810 cognomen
402 1735 523 1812 Rapaci,
544 1743 645 1793 vetere
658 1735 748 1809 glorid
771 1736 902 1810 insignis':
926 1753 943 1792 e
961 1755 963 1762 ’

51 1821 126 1885 parte
140 1813 273 1888 Othonis,
295 1813 387 1889 prima
410 1814 551 1890 Adjntrix,
578 1832 634 1870 non
661 1815 724 1870 ante
745 1813 774 1870 iu
790 1813 879 1871 aciem
892 1813 942 1870 de·

49 1889 136 1960 ducta,
147 1891 201 1948 sed
213 1890 307 1959 ferox,
321 1899 350 1948 et
363 1891 430 1949 nori
443 1891 555 1948 decoris
567 1891 657 1947 avida.
700 1891 834 1958 Primani,
849 1890 942 1948 stratis

49 1969 371 2026 unaetvicesimanorum
414 1968 588 2043 principiis,2
624 1967 745 2041 aquilam
780 1970 924 2026 abstulere

51 2063 102 2118 quo
128 2047 231 2103 dolore
254 2064 374 2103 accensa
394 2046 478 2120 legio,
500 2052 529 2102 et
542 2043 653 2119 impulit
665 2057 778 2100 rursuss
791 2045 944 2118 primanos,

51 2121 199 2181 interfecto
226 2123 367 2196 Orphidio
393 2121 521 2196 Benigno
538 2122 651 2194 legato,
672 2127 702 2176 et
725 2120 845 2195 plurima
867 2121 945 2194 signu

50 2201 207 2276 vexillaque
234 2217 271 2257 ex
298 2199 424 2258 hostibus
448 2199 550 2275 rapuit.
591 2199 711 2274 Aperte
733 2198 796 2267 alis,
810 2199 945 2274 propulsa

51 2278 245 2350 quintanorum
279 2275 386 2352 impetu
419 2277 612 2340 tertiadecima
642 2276 735 2352 legio:
758 2277 943 2350 circumuenti

52 2355 173 2427 plurium
200 2375 317 2414 accursu
345 2355 591 2432 quartadecimani
633 2355 670 2414 Et
691 2355 809 2415 ducibus
823 2355 944 2414 Othonis
994 2417 1000 2424 ‚
1098 2327 1104 2397 a·

47 2431 100 2506 jam
123 2433 235 2508 pridem
261 2433 398 2510 profugis,
420 2435 534 2494 Caecina
553 2453 585 2493 ac
600 2433 712 2514 Valens
727 2435 857 2494 subsidiis
879 2452 944 2492 suos

51 2507 203 2570 firmabant.
246 2513 373 2586 Accessit
393 2533 494 2572 recens
521 2514 666 2581 auxilinm,
684 2513 777 2570 Varus
796 2514 943 2586 Alphenus

51 2604 112 2644 cum
144 2587 268 2657 Batavis,
295 2587 357 2644 fust
385 2591 568 2662 gladiatorum
589 2609 682 2655 manu,
717 2607 802 2663 quam
826 2589 944 2646 navibus

51 2670 249 2730 transvectam,
264 2664 402 2735 oppositae
426 2665 559 2719 cohortes
578 2667 607 2720 in
622 2666 688 2738 ipso
702 2664 818 2720 flumine
828 2663 947 2720 trucida-

50 2747 159 2798 verant.
203 2740 246 2795 lta
255 2739 381 2810 viqtoues
394 2739 466 2793 latus
479 2738 601 2794 hostium
614 2740 729 2795 invecti.

87 2815 192 2876 XLIV.
229 2815 266 2873 Et
279 2812 373 2870 media
390 2813 450 2870 acie
464 2817 611 2888 perruptd,
631 2814 730 2893 fugere
740 2815 842 2909 passim
856 2814 943 2888 Oth'o·

88 3085 102 3139 1
115 3087 261 3142 mosaeam
270 3085 341 3140 inter
350 3103 386 3152 ce,
399 3083 491 3140 ceteris
502 3084 647 3156 compleri.
674 3085 780 3158 Regius
792 3101 820 3146 et
832 3089 943 3147 Buden-

54 3155 91 3210 sis
112 3159 236 3211 scribunt
256 3155 342 3220 ceteri,
363 3155 417 3210 hoc
441 3173 540 3222 senru3
552 3158 598 3210 alli
611 3159 770 3213 seinvicem
782 3161 944 3226 noscebant,

55 3225 109 3289 alii,
119 3227 184 3281 lieet
195 3228 268 3280 inter
281 3243 310 3279 se
330 3227 427 3295 ignoti,
439 3227 511 3294 quie>
522 3229 716 3282 commodulis
728 3230 853 3282 omnium
865 3245 943 3297 gere-

56 3293 129 3360 bant,
141 3301 174 3349 eu
185 3298 349 3366 pugnabant
362 3297 461 3362 sends,
482 3298 557 3366 quod
577 3299 631 3352 hnc
649 3301 744 3368 pugne
756 3299 791 3352 de
799 3307 858 3367 toto
871 3298 943 3354 bello

56 3363 198 3422 decretum
206 3367 240 3420 iri
252 3367 417 3420 sentiebant.
826 3377 828 3384 ’

88 3434 426 3490 2Unoetnioesimooornm
439 3436 595 3508 principiis.
626 3437 685 3492 Eos
705 3437 830 3510 intellige
850 3441 943 3510 quiin

58 3503 145 3570 prima
153 3507 336 3572 antestabant,
345 3509 527 3575 quosAnn.‹l.
535 3509 650 3563 tlvooat
653 3506 942 3582 prinoipiclegionnm.

1106 3541 1108 3560 .

58 3571 322 3670 'bimonlitrorrnq
330 3579 347 3630 i.
355 3595 379 3633 e.
388 3578 607 3648 vicissimverst
615 3581 683 3648 vice,
693 3597 749 3638 non
757 3595 822 3637 veru
830 3583 940 3638 iterim.
1024 3647 1028 3654 .
1087 3561 1108 3602 ‘i'
