2252 3958
28 305 35 318 ’
136 338 175 398 aa
425 337 459 395 o.
477 336 592 396 ooau.
609 319 745 426 raeiri
830 333 1029 394 laeuo

141 494 149 522 ‘
164 484 193 544 iu
203 478 350 561 Hispania
361 484 600 564 Beudehilouisl
614 483 754 544 inGallid.
795 481 906 538 Fonteii
915 481 1029 557 Capito·

140 563 207 620 ‘nis
220 563 249 620 in
270 563 434 632 Germanii,
456 562 550 620 Clodii
570 561 664 620 Macri
679 561 707 618 io
731 557 838 627 Africi,
857 558 989 634 Cingonii
1001 561 1031 618 iu

140 640 221 710 ‘vita
232 639 396 714 Turpiliani
414 641 443 698 in
464 639 555 708 Urbe,
579 637 747 714 Nymphidii
765 637 794 692 in
817 637 936 694 castris?
958 637 1029 706 Quae

139 722 148 750 ‘
163 735 280 790 iuquam
293 717 448 791 provincia,
464 735 528 790 quae
542 723 632 773 castra
644 723 718 783 suut,
732 714 786 770 nisi
799 721 918 770 cruenta
930 720 960 770 et
971 731 1029 770 ma·

140 793 277 850 ‘culatai
297 801 354 861 aut,
375 801 405 850 ut
425 795 487 866 ipse
507 793 655 867 praedicat,
670 791 821 848 'emendata
838 797 867 846 et
879 791 1030 849 correcta?

139 868 237 924 ‘Nam
250 887 313 944 quae
334 869 380 925 alii
399 869 519 936 scelera,
542 868 590 925 hic
607 869 732 926 remedia
745 873 849 926 vocat:
871 868 937 923 dum
954 866 1029 928 falsis

142 945 332 1014 ‘nominibus,
354 945 535 1001 severitatem
552 963 606 1018 pro
619 945 739 1013 saevitia,
760 944 960 1018 parsimoniam
977 963 1030 1018 pro

139 1031 143 1047 ‘
164 1021 291 1088 avarius,
313 1019 453 1094 supplicia
472 1027 501 1076 et
520 1021 702 1078 contumelias
717 1028 836 1089 vestras,
856 1021 1032 1095 disciplinam

140 1104 148 1130 ⁶
164 1097 298 1170 appellat.
340 1097 455 1170 Septem
468 1115 484 1153 a
496 1096 620 1154 Neronis
634 1097 691 1160 fine
708 1114 821 1154 menses
838 1104 913 1164 sunt,
935 1098 1032 1172 etjam

140 1178 149 1206 ‘
163 1173 227 1246 plus
241 1175 334 1248 rapuit
347 1172 450 1241 lcelus,
471 1175 554 1249 quam
566 1173 808 1250 ,quodtPolycleti
828 1181 858 1230 et
875 1173 989 1243 Vatinii,
1003 1184 1033 1235 et

140 1257 148 1282 ‘
163 1247 252 1318 Helii,
266 1257 295 1308 et
307 1250 403 1306 Haloti
416 1258 597 1324 paraverunt.
639 1251 752 1308 Minore
766 1251 881 1308 avaritia
895 1270 927 1308 ac
941 1252 1030 1308 licen-

140 1331 149 1360 ‘
162 1325 201 1382 tia
213 1335 352 1400 grassatus
366 1335 442 1384 esset
456 1327 493 1383 T.
509 1327 620 1396 Vinius,
633 1329 657 1384 si
672 1328 733 1402 ipse
747 1327 933 1403 imperasset:
956 1337 1031 1388 nuuc

140 1410 193 1459 ‘et
213 1405 354 1479 subjectos
377 1421 428 1459 nos
449 1405 555 1472 habuit,
574 1411 720 1480 'tamquam
743 1423 826 1462 suos:
850 1411 879 1461 et
899 1405 983 1474 viles,
1001 1413 1036 1464 ut

139 1479 280 1535 ‘alienos
322 1479 385 1536 Una
398 1479 446 1536 illa
458 1479 557 1538 domus
578 1480 681 1547 sufficit
701 1482 844 1550 donativo,
863 1481 938 1557 quod
952 1483 1034 1541 vobis

140 1561 148 1588 ‘
163 1573 314 1628 numquam
327 1557 419 1623 dabir,
433 1562 463 1612 et
476 1556 600 1630 quotidie
614 1561 817 1632 exprobratur:

179 1629 345 1688 XXXVlll.
387 1633 451 1688 ‘Ac
471 1650 508 1689 ne
529 1651 582 1708 qua
595 1635 694 1693 saltem
707 1637 735 1691 in
749 1653 915 1692 successore
933 1635 1035 1694 Galbae

140 1711 149 1741 ‘
164 1724 230 1780 spes
244 1716 331 1777 esset,
344 1709 462 1772 arcessit
474 1710 508 1765 ab
522 1709 633 1778 exsilio,
648 1729 733 1785 quem
746 1712 857 1769 tristitia
871 1719 901 1769 et
913 1714 1052 1772 avaritia

140 1784 207 1839 ‘sui
220 1784 391 1842 simillimum
409 1785 562 1861 judicabat.
604 1787 731 1856 Vidistis,
751 1791 969 1859 commilitones,
984 1809 1036 1847 no-

141 1859 241 1916 ‘tabili
267 1867 447 1936 tempestate,
474 1863 557 1922 etiam
582 1864 661 1922 deos
678 1865 827 1922 infaustam
853 1865 1038 1954 adoptionem

45 1941 49 1946 “
140 1943 149 1970 ‘
164 1944 335 1995 aversantes.
377 1939 456 1994 ldem
469 1942 591 2008 senatis,
605 1941 681 1998 idem
689 1942 787 2016 populi
799 1941 919 2000 Romam
928 1960 1038 2002 animus

140 2018 215 2076 ‘est
257 2013 360 2086 Vestra
379 2015 469 2084 uirtus
490 2023 683 2112 exspectatur,
707 2019 782 2093 apud
800 2038 871 2094 quos
884 2038 969 2077 omne
982 2019 1036 2078 ho·

139 2101 149 2130 ‘
162 2095 249 2156 uestis
255 2096 378 2152 consiliis
387 2095 485 2164 robur,
494 2103 523 2152 et
531 2113 594 2157 sine
603 2096 714 2170 quibus,
726 2096 852 2168 quamvis
861 2097 986 2168 egregie,
994 2097 1038 2152 in.

141 2177 148 2208 ⁶
161 2173 335 2230 soliassum.
356 2171 423 2228 Non
433 2171 466 2229 ad
476 2172 653 2240 bellum‘vos,
664 2190 717 2228 nec
729 2171 764 2227 ad
773 2171 934 2246 periculum
941 2189 1015 2228 voco
1028 2195 1037 2230 ε

141 2257 150 2284 ⁴
164 2250 288 2306 emnium
300 2249 420 2308 militum
432 2267 508 2305 arma
521 2249 666 2306 nobiscum
674 2257 748 2305 sunt.
789 2246 853 2304 Nec
863 2266 918 2304 una
928 2249 1036 2308 cohors

142 2326 273 2399 ‘togata
290 2324 415 2381 defendit
427 2343 501 2381 nunc
514 2325 645 2393 Galbam,
667 2325 717 2381 sed
740 2325 856 2381 detinet.
898 2323 972 2380 Cum
985 2343 1040 2384 vos

141 2401 318 2474 ‘aspexerit
340 2401 405 2464 ciam
425 2401 663 2474 signummeum³
684 2400 839 2475 acceperit,
866 2401 921 2458 hoc
942 2401 1050 2469 solum,

142 2479 221 2535 ‘erit
233 2484 387 2544 ce1tamen,
410 2479 471 2553 quis
492 2479 726 2552 mihiplurimum
746 2477 893 2552 imputet‘¹
931 2477 1040 2534 Nullus

142 2554 335 2612 ‘cunctationi
357 2555 436 2610 locus
458 2561 502 2615 ost
522 2555 550 2610 in
569 2573 605 2611 eo
623 2555 758 2630 coasilio„
771 2554 845 2628 quod
864 2573 921 2611 non
943 2559 1042 2627 potest

142 2630 283 2700 ‘laudari
306 2630 360 2698 nisi
380 2632 548 2708 peractum:
588 2631 713 2707 Aperite
728 2631 833 2690 deinde
852 2637 1039 2716 armamenta·

177 2821 193 2872 1
212 2820 295 2875 Betui
308 2820 444 2876 Chilonis.
479 2818 524 2876 Ita
538 2822 614 2876 Flor.
626 2834 654 2875 et
667 2821 813 2886 Budensis,
825 2833 853 2876 et
865 2823 919 2876 hoc
932 2839 1042 2876 nomen

35 2910 39 2914 ·
142 2892 279 2956 reperitur
290 2893 319 2944 in
331 2891 485 2958 lapid1bus3
502 2893 585 2958 idque
617 2891 801 2957 raetfferen'dum
810 2891 889 2944 duxit
897 2883 1043 2960 Erilesprs

107 3010 112 3015 ,
143 2959 309 3024 oonJ'oomrae
331 2959 462 3026 Rhenani
487 2954 570 3012 Vestia·
591 2907 730 3022 Etitouio!
758 2959 837 3013 infra
853 2972 916 3028 post
932 2959 1042 3025 Verba,

142 3025 223 3094 ᾳιιὰπι
235 3027 304 3096 qood
315 3026 459 3096 Polycleti.
469 3064 477 3078 .
486 3059 492 3079 .
501 3031 526 3080 et
536 3027 605 3094 Elii,
618 3029 724 3084 addunt
734 3023 846 3089 codices
854 3042 882 3082 ot
891 3027 1043 3086 vetustius

55 3134 67 3152 ,
144 3095 212 3216 plusi,
231 3093 339 3216 dxlii:
350 3095 552 3222 1ηηῖἓῆγώ
570 3099 681 3152 videtur
699 3099 877 3153 scribendum
896 3103 922 3152 et
933 3097 1044 3167 Haloti,

165 3179 249 3232 equo
289 3178 336 3216 nu.
441 3201 448 3217 .
777 3187 782 3196 ·

178 3231 315 3286 2Goboro
366 3163 422 3294 {im
458 3231 676 3304 Lipsiusprobot
684 3237 769 3290 moris
777 3235 873 3301 muse,
886 3247 917 3290 ut
926 3199 1045 3306 cohors,

145 3315 205 3370 quae
218 3317 295 3356 more
308 3318 335 3354 m
357 3302 411 3354 uie
427 3303 592 3369 excubabat,
610 3306 731 3373 idipsum
749 3305 856 3358 faceret
867 3307 929 3358 siue
942 3307 1045 3370 armis,

145 3367 244 3434 gladiis
257 3379 366 3424 tentum
377 3371 537 3440 lanceisque
548 3383 697 3439 contentua
714 3375 808 3442 itaque
821 3385 849 3428 et
860 3376 935 3444 togis
946 3375 1046 3432 induti

144 3444 234 3498 mont
245 3451 301 3488 non
314 3440 398 3504 sagis.

140 3530 145 3604 ἰ
179 3499 199 3621 Ξ
216 3499 664 3643 {ffiuxffiapola’oaemssnaffije
675 3519 782 3634 tffipra
793 3511 914 3568 militati.

146 3633 265 3706 donula,
276 3651 365 3708 coque
377 3653 409 3706 re
419 3635 529 3700 mesthi
539 3611 692 3711 plurimum
702 3590 987 3722 olelllaidoviiil‘,cemt
996 3596 1047 3640 α’
