2214 3986
135 274 188 383 aaa
360 278 446 380 ὀ.
466 287 581 381 nonu.
598 322 733 384 racirr
851 324 1038 380 aecem.

133 473 223 525 ‘meu
249 484 282 524 ac
304 464 437 524 dedecus’
462 469 643 532 ostentantes,
674 471 728 519 ‘et
752 463 839 530 fidem
860 483 888 518 in
912 463 1033 536 libidine

133 545 283 604 ‘victorin
326 541 388 600 Nec
408 548 514 598 tantam
533 540 711 615 Vespasiano
727 539 900 614 superbiam,
920 547 951 596 ut
967 541 1029 614 pri-

133 629 252 681 ‘vatum
281 619 426 678 Vitellium
448 624 614 693 pateretur:
644 635 680 674 ne
704 617 794 674 victos
818 617 932 692 quidem
954 617 1027 674 latu-

119 707 142 760 .‘
158 699 228 758 ros.¹
269 699 310 755 Ita
323 695 482 772 periculum
496 712 533 750 ex
549 695 753 754 misericordia.
796 694 891 769 Ipsum
903 695 967 750 sane
979 713 1027 752 se-

133 783 141 809 ‘
156 795 230 844 nem,
245 782 273 832 et
284 773 431 849 prosperis
445 771 630 847 adversisque
643 773 784 830 satiatum.
827 771 883 828 Sed
893 771 967 846 quod
974 789 1026 828 no-

133 861 230 920 ‘men,
245 869 330 925 quern
350 856 451 908 statum
465 849 528 906 filio
548 849 610 923 ejus
628 849 799 906 Germanico
812 848 874 914 fore
891 848 902 904 l
941 847 1027 905 Nunc

132 928 312 1006 ‘pecuniam
339 935 369 996 et
393 925 535 994 fauillam,
563 932 592 982 et
623 926 721 984 beatos
756 925 920 1000 Campaniae
947 926 1026 982 sinus

132 1005 302 1080 ‘promitti:
337 1003 389 1061 sed
413 1004 462 1060 ubi
484 1003 636 1080 imperium
661 1002 858 1079 Vespasianus,
879 1003 1025 1072 invaserit,

131 1091 139 1115 ‘
154 1100 211 1139 nou
223 1082 359 1158 ipsi„non
373 1081 469 1138 amicis
484 1081 555 1156 ejus,
570 1098 626 1138 uon
643 1081 766 1156 denique
788 1080 960 1148 exercitibus
979 1099 1025 1136 se·

131 1160 314 1228 ‘curitatem,
331 1159 383 1216 nisi
404 1158 527 1216 extincto
549 1158 681 1215 emulatu
702 1157 865 1214 redituram.
888 1157 1027 1216 -Fabium

88 1227 95 1240 “
131 1245 139 1271 ‘
154 1236 210 1294 illis
223 1235 383 1305 Valentem,
397 1236 538 1311 captivum
551 1242 581 1291 et
590 1235 704 1294 ‘casibus
724 1235 815 1294 dubiis
837 1241 1027 1304 reservatum,

132 1323 333 1392 ‘praegravem
355 1313 453 1380 fuisse,
467 1312 571 1372 nedum
594 1311 705 1378 Primus
720 1332 757 1391 ¹ac
778 1312 896 1380 Fuscus,
911 1318 940 1368 et
959 1331 1026 1388 spe-

133 1393 249 1450 ‘cimen
303 1391 404 1448 artium
436 1389 594 1458 Mucianus,
620 1391 706 1448 ullam
738 1391 767 1446 in
790 1389 945 1456 Vitellium,
972 1391 1027 1446 nisi

132 1477 140 1502 ‘
156 1411 313 1534 occidendi,
327 1468 468 1524 licentiam
484 1468 613 1524 habeant.
654 1467 720 1526 Non
734 1485 750 1523 a
763 1466 879 1524 Caesam
894 1465 1027 1542 Pompei-

133 1553 213 1610 ‘um,
240 1563 296 1599 non
322 1544 357 1598 ab
383 1545 508 1616 Augusto
533 1545 685 1601 Antonium
710 1544 865 1601 incolumes
888 1542 1029 1612 relictos,

131 1620 206 1676 ‘nisi
228 1619 299 1676 forte
322 1619 512 1695 Vespasianus
537 1622 652 1678 altiores
672 1622 786 1696 spiritus
806 1629 896 1695 gerat,
917 1621 1028 1678 Vitellii

131 1705 139 1731 ‘
154 1695 253 1764 cliens,
268 1695 330 1754 cum
342 1695 482 1754 'Vitellius
501 1698 611 1772 collega
623 1687 743 1755 Claudio
757 1695 856 1756 soret.²
895 1699 979 1768 Quin,
996 1706 1029 1755 ut

131 1783 139 1810 ‘
154 1791 303 1832 censuram
317 1773 415 1848 patria,
431 1782 461 1830 ut
480 1782 539 1831 tres
559 1777 730 1842 consulatus,
744 1783 828 1834 uttot
841 1777 961 1850 egregie
973 1776 1026 1832 do-

131 1859 138 1886 ‘
155 1852 212 1908 mds
227 1853 349 1908 honores
364 1850 491 1928 deceret,
505 1851 703 1927 desperatione
723 1854 822 1910 saltem
836 1851 867 1908 ia
881 1853 1029 1910 audaciam

131 1929 349 2005 ‘accingeretur
366 1951 371 1985 :
395 1928 524 2004 perstare
546 1930 673 2000 militem,
692 1949 843 2004 superesse
864 1931 952 1988 studia
973 1951 1028 2006 po-

129 2013 137 2046 t
153 2007 221 2087 puli.
263 2005 394 2083 Denique
403 2007 473 2062 nihil
484 2007 605 2064 atrocius
617 2013 798 2076 eventurum,
812 2009 894 2082 quam
907 2007 936 2064 in
948 2011 1029 2084 quod

130 2092 254 2159 ‘sponte
276 2094 381 2142 ruant:
403 2085 579 2142 moriendum
598 2084 691 2152 victis,
705 2086 881 2142 moriendum
900 2085 1025 2156 deditis:

131 2169 138 2196 ‘
154 2161 182 2217 id
202 2163 291 2220 solum
313 2162 435 2230 referre,
450 2162 630 2219 novissimum
651 2163 781 2237 spiritum
794 2181 848 2237 per
859 2157 1026 2232 ludibrium,

62 2243 63 2250 ’
130 2246 138 2274 ‘
153 2245 182 2296 et
195 2241 376 2296 contumelias
390 2237 542 2306 effundant,
557 2259 591 2295 an
605 2254 659 2314 per
672 2240 828 2298 uirtutem?

169 2315 288 2371 LXVll.
330 2315 428 2372 Surdae
443 2315 477 2372 ad
490 2315 702 2373 fortiacousilia
714 2316 831 2374 Vitellio
851 2335 942 2374 aures.
964 2318 1029 2377 Qb-

130 2393 266 2450 ruebatur
288 2392 395 2448 animus
419 2391 599 2450 miseratione
625 2397 752 2470 curtque
775 2413 811 2451 ne
832 2396 1029 2470 pertinacibus

87 2519 91 2530 ,
130 2469 225 2538 armis,
248 2469 337 2526 miuus
363 2468 530 2544 placabilem
553 2471 693 2529 rictorem
716 2473 1030 2548 relinqueret·coujugi

130 2565 161 2605 ac
174 2547 282 2604 liberis.
324 2545 393 2605 Erat
413 2547 454 2604 illi
477 2553 506 2604 et
529 2546 603 2604 fessa
626 2557 709 2607 aetate
725 2568 840 2625 parens,
854 2569 917 2626 que
931 2557 1028 2608 tamen

129 2627 224 2700 paucis
250 2625 312 2682 ante
338 2625 436 2682 diebus
463 2629 622 2699 opportuna
647 2635 739 2684 morte
765 2629 905 2686 excidium
927 2627 1029 2691 domds

130 2703 279 2778 praevenit,
293 2704 362 2760 nibil
384 2703 544 2783 principatu
564 2703 615 2761 filii
636 2704 775 2773 adsecuta,
797 2706 850 2762 nisi
872 2707 978 2776 luctum
998 2718 1030 2762 et

129 2782 231 2836 bonam
243 2779 352 2838 samam.
393 2778 608 2850 Quintodecimo
622 2782 764 2842 Kalendas
784 2783 910 2840 lanuarii
932 2783 1031 2840 audite

129 2855 289 2918 defectione
309 2857 426 2932 legionis
447 2858 672 2934 cohortiumque,
687 2879 751 2934 quae
765 2879 797 2916 se
816 2859 931 2916 Narniae
945 2860 1028 2917 dedi-

130 2933 240 3002 derant,
263 2935 341 3008 pullo
365 2936 468 2992 amictu
490 2936 591 3009 palatio
614 2937 778 3014 degreditur
799 2939 894 2994 maestal
917 2937 1031 2995 circum

131 3010 242 3068 familia.
285 3011 371 3068 Simul
392 3011 539 3069 serebatur
551 3014 683 3076 lecticula
697 3015 831 3088 parvulus
845 3013 929 3081 lilius,
944 3017 1030 3071 velut

131 3088 159 3144 in
172 3087 321 3145 funebrem
342 3105 482 3165 pompam.
525 3089 619 3147 Voces
639 3091 737 3166 populi
757 3091 910 3147 blandesi
924 3091 1029 3152 intem·

130 3166 249 3241 pestivae
263 3185 270 3220 z
292 3164 372 3222 miles
386 3167 486 3224 minaei
497 3167 618 3224 silentio.

167 3284 182 3342 l
200 3283 245 3337 Ne
257 3281 338 3336 victos
350 3282 454 3352 onmem
465 3285 576 3338 loturos.
613 3285 670 3345 Qui
683 3286 861 3340 miseratione
869 3286 938 3340 olim
948 3287 1030 3355 prin-

132 3350 201 3415 cipis
213 3352 383 3404 adultionem
396 3364 423 3406 et
435 3371 479 3408 res
492 3371 579 3408 novas
592 3357 782 3423 accingentur.

166 3417 184 3465 2
205 3418 273 3470 Com
301 3419 423 3474 Vitellius
443 3424 542 3490 roltsgo
565 3423 681 3477 cnosso
695 3425 774 3492 fleret.
810 3423 956 3478 Vitellium
976 3441 1030 3494 pa-

134 3487 205 3530 trem
216 3485 346 3551 rutellige.
390 3489 457 3540 Haec
471 3493 555 3544 verba
567 3492 661 3559 Lipsio
675 3494 804 3546 videntur
815 3493 970 3560 glossulam
983 3511 1034 3552 sa*

135 3558 201 3614 pere
214 3547 248 3602 od
260 3564 295 3606 en
306 3568 367 3621 quas
378 3568 540 3623 sequuntur.
580 3561 657 3630 Quin
667 3566 847 3618 sicennam
855 3563 958 3638 patris,

991 3695 997 3703 .
1027 3649 1057 3702 sl
