2252 3958
122 333 157 398 1⁰
227 317 230 322 ¹
335 378 350 404 ,
403 301 725 382 &timenem
840 309 1038 372 mmmm

123 477 268 562 Capitonis
286 473 383 538 endas
401 471 607 534 nuntiarentur.
643 465 779 554 lllaornm‘
792 459 825 520 in
841 453 939 520 Africi
951 457 1043 548 band

124 560 208 620 dubie
217 552 387 623 turbantem,
401 547 564 610 Trebonius
578 547 763 609 sumamus,
777 544 1034 615 pmcuntor,Jns-

125 657 159 700 su
172 635 294 703 Galbam
316 629 486 706 Capitonem
500 626 529 684 in
548 621 711 688 Germanii,
727 618 791 676 edm
804 614 906 682 similia
918 621 1034 690 empta-

126 722 181 784 ret,
191 708 342 770 Cornelius
354 707 492 783 Aquuinus,
504 709 534 763 et
548 699 652 760 Fabius
665 696 782 766 Valens,
790 693 876 767 legati
885 692 1037 766 legionum

100 787 338 854 *interfecerant
357 777 505 859 antequam
520 780 701 856 juberentur.
742 773 839 830 Fuere
862 769 911 844 qui
927 769 1035 834 crede·

128 874 203 935 rent,
217 863 385 939 Capitonem
398 859 430 920 tit
450 857 567 916 avaritii
585 861 615 914 et
634 851 751 918 libidine
769 847 875 906 fedum
888 865 921 904 ac
933 864 1037 905 macu-

127 947 231 1012 losum,
253 939 291 998 ita
311 939 478 1013 cogitatione
499 949 597 992 rerum
615 946 752 990 novarum
772 923 957 982 abstinuisse:
978 924 1038 982 sed
1107 987 1109 992 ,

130 1042 147 1080 a
172 1017 280 1094 legatis,
303 1018 410 1075 bellum
429 1011 620 1077 suadentibus,
637 1012 785 1083 postquam
808 1001 961 1076 impellere
980 1019 1036 1058 ne-

129 1097 288 1174 quirerint¹
304 1094 412 1154 crimen
431 1110 463 1149 ac
483 1089 578 1147 dolum
596 1083 782 1159 compositum
801 1080 894 1136 ultro:
917 1083 947 1136 et
963 1078 1037 1136 Gal-

130 1177 196 1232 bam
208 1173 361 1232 mobilitate
375 1168 489 1244 ingenii,
508 1185 552 1234 an,
574 1179 611 1220 ne
629 1162 712 1219 altius
723 1162 908 1224 scrutaretur,
919 1173 975 1230 quo
998 1175 1039 1216 uo

131 1253 214 1316 modo
229 1258 300 1320 acta,
314 1249 378 1325 quia
391 1245 494 1306 mutari
507 1261 564 1300 non
577 1245 717 1316 poterant,
731 1234 941 1310 comprobasse.
976 1174 1039 1290 ge·

130 1331 223 1388 terrim
240 1337 361 1405 utraque
379 1325 473 1394 cedes
486 1319 607 1376 sinistre
628 1320 763 1389 accepta:
786 1317 815 1368 et
828 1309 920 1366 inviso
933 1311 1039 1382 semel,

106 1451 107 1454 ,
133 1406 278 1480 Principe,
291 1422 342 1459 seu
353 1404 439 1465 bene,
449 1415 503 1454 seu
515 1394 585 1452 mule
596 1390 669 1449 facta
677 1387 836 1466 premunt.8
856 1385 921 1442 lam
934 1386 1039 1445 affere.

132 1485 198 1539 bant
212 1481 322 1538 venalia
334 1483 434 1540 cuncto
453 1477 644 1548 prepotentes
664 1466 760 1526 liborti
771 1465 795 1522 :9
815 1481 966 1522 servorum
978 1482 1040 1522 rna·

133 1577 186 1616 nus
199 1556 297 1614 subitis
311 1554 412 1621 avida,
435 1558 464 1608 et
479 1556 621 1623 tamquam
641 1545 715 1622 apud
733 1561 833 1602 senem
853 1539 1038 1599 festinantes:

135 1635 290 1707 eademque
304 1647 388 1688 uovae
400 1629 470 1687 aulm
484 1627 564 1694 mala,
577 1624 657 1699 aeque
671 1621 841 1698 gravium
854 1619 935 1693 mque
950 1635 1041 1684 excu-

75 1771 77 1776 ,
134 1717 200 1768 sata.
243 1709 308 1784 Ipsa
321 1715 389 1770 etas
402 1705 501 1762 Galbae
516 1711 545 1760 et
556 1701 665 1769 irrisui,
685 1719 717 1758 ac
731 1696 841 1757 fastidio
855 1704 926 1766 erat,
938 1695 1040 1756 adsue·

136 1788 170 1856 tis
179 1789 307 1862 juvente
319 1783 453 1850 Neronis,
465 1789 494 1838 et
507 1781 692 1856 imperatores
705 1775 796 1834 forma
809 1791 842 1832 ac
854 1771 961 1830 decore
974 1789 1040 1831 eor-

135 1863 214 1942 poris
232 1863 278 1995 put
290 1869 334 1920 est
346 1880 406 1918 mos
420 1857 511 1935 vulgi)
526 1855 762 1931 comparantibus.

174 1937 229 1996 Vll
248 1981 255 1996 .
278 1939 315 1996 Et
327 1939 374 1996 bic
388 1937 502 2014 quidem
520 1933 630 2000 Rome,
649 1939 789 2007 tamquam
802 1929 831 1987 in
847 1929 924 1988 tanti
944 1927 1039 1988 multi-

137 2017 233 2078 tudine
253 2017 362 2074 habitus
384 2016 541 2074 animorum
561 2011 623 2068 fuit.
665 2009 689 2066 E
710 2005 876 2084 provinciis,
895 2004 1042 2080 Hispania

138 2102 261 2172 praeerat
282 2093 402 2152 Cluvius
426 2090 527 2158 Rufus,
551 2089 597 2147 vir
618 2085 768 2154 facundus,
787 2091 816 2142 et
828 2083 907 2160 pacis
921 2082 1042 2140 artibml

61 2226 70 2238 ,
137 2173 220 2231 bellis
243 2173 420 2246 inexpertus.
461 2167 575 2235 Galliae,
600 2182 687 2240 snper
710 2160 877 2239 memoriam
902 2159 1043 2228 Vindicis,

140 2250 267 2324 obligatus
287 2247 396 2304 recenti
408 2245 482 2301 dono
496 2245 631 2302 Romnum
651 2237 787 2298 civitatis²
800 2243 830 2296 et
845 2237 876 2294 in
896 2245 1046 2316 posterum

175 2403 193 2457 fl
212 2403 266 2456 Seu
278 2403 348 2466 bene,
357 2419 403 2455 ssu
416 2399 566 2467 mullsnola
573 2401 706 2466 moment.
737 2394 810 2448 Odio
823 2406 897 2462 sunt,
908 2393 1044 2456 invidiam

142 2474 276 2530 excitant.
313 2470 376 2524 Vox
390 2473 514 2540 mearunt
535 2467 660 2520 absoluta
678 2467 805 2519 sumitur.
842 2465 929 2518 Notat
948 2475 1045 2518 tamen

139 2543 201 2598 Jac.
216 2541 339 2596 Gronov.
361 2540 445 2594 scribi
456 2539 485 2592 in
498 2537 572 2590 Flor.
583 2534 673 2588 inviso
688 2533 781 2605 princi
804 2533 812 2547 ‘
840 2551 896 2588 non
911 2531 1046 2604 pnlsclpe,

142 2624 173 2668 ut
185 2593 322 2667 celeratur
335 2610 368 2664 nd
373 2612 469 2680 sactu:
483 2609 601 2662 sednon
612 2605 754 2658 insolitum
795 2606 868 2658 aoito
876 2604 1046 2672 premittens

142 2683 279 2750 ejusmodi
292 2682 445 2735 ablativum
457 2679 518 2732 sine
530 2687 658 2746 respectu
672 2676 711 2728 ‘od
723 2675 809 2728 verbe
821 2691 852 2728 so
872 2675 992 2737 nentina
1003 2673 1045 2724 sio

145 2751 217 2876 r‘tjnm
229 2752 255 2818 4,
276 2753 325 2819 19.
335 2754 460 2822 ¹precante
478 2767 521 2804 reo
542 2749 640 2807 merem
660 2761 759 2799 morum
772 2781 779 2797 .
793 2782 800 2797 .
812 2782 820 2797 .
833 2691 989 2803 aduersatus
1007 2746 1047 2802 sal

171 2837 245 2873 oesur.

176 2887 270 2952 tilam
281 2887 424 2955 offerebant
431 2885 538 2940 cendio
546 2889 640 2938 mama
648 2881 918 2955 prepotenteslibsrti.
949 2880 992 2934 De
1002 2879 1046 2933 his

100 3013 101 3020 ,
142 2957 267 3024 loquitur
284 2967 427 3023 tamquam
451 2957 486 3008 de
509 2955 720 3020 mercatoribus,
738 2955 786 3023 qui
806 2969 915 3006 moraes
931 2951 1046 3004 venales

143 3025 271 3096 offerunt.
304 3023 359 3104 Hic
381 3025 459 3078 locus
471 3025 693 3078 ‘malevtentatus
714 3017 843 3077 Piohenae
865 3033 901 3076 ot*
915 3019 1044 3076 Freinslr.

142 3095 194 3178 ,qui
206 3095 312 3164 legunt,
325 3109 385 3176 jorn
397 3095 415 3146 i.
427 3111 452 3147 o.
465 3103 607 3164 preterea,
615 3094 791 3164 offendebant,
804 3094 863 3147 scil.
876 3093 985 3145 animos
996 3089 1045 3142 bo·

145 3181 261 3231 minum,
280 3163 386 3225 senaim
397 3169 500 3229 murto,
516 3168 687 3236 propotentes
706 3161 801 3227 liberti,
818 3167 863 3216 eto.
895 3159 956 3214 Neo
973 3159 1043 3224 bene

146 3235 273 3304 Ryckins
285 3251 301 3286 o
313 3249 364 3288 suo
372 3235 470 3296 aonios
485 3235 560 3288 dedit
566 3232 781 3307 jumofferebact,
792 3237 838 3284 etc.
995 3285 998 3290 ,

184 3305 199 3356 l
216 3303 302 3360 Pucs's
317 3301 428 3372 amittet
452 3305 558 3372 §opple
569 3307 699 3377 mutas,
711 3301 784 3370 quod
799 3302 867 3357 latet
879 3302 908 3353 in
920 3313 991 3353 voce
1002 3295 1045 3350 in-

146 3377 287 3440 expertas:
306 3373 380 3428 Μὶν
391 3373 550 3442 inexpertus.
582 3372 616 3425 lu
628 3372 701 3424 bello
711 3371 834 3440 gerendo
844 3369 959 3424 mininie
968 3381 1045 3420 erer-

11 3485 12 3492 ,
115 3489 119 3500 ,
150 3441 260 3504 citatus.
283 3442 321 3494 Aa
333 3439 558 3511 belliincrpertuu
570 3441 644 3508 quod
657 3440 813 3496 Rhenanus
824 3433 949 3502 dederat,
959 3445 990 3489 ot
1001 3435 1046 3488 ulii

148 3518 309 3632 rvpppstrunt,
331 3511 419 3564 notive
439 3512 557 3566 sirmitur
577 3526 628 3578 pro
647 3525 690 3574 eo,
709 3510 758 3577 qui
770 3513 925 3576 numquam
944 3504 1047 3566 bouum

141 3690 156 3736 ,
185 3641 672 3727 emmerammenses.
691 3639 1046 3732 cinomanorum,
