2254 3960
70 392 91 431 s.
109 393 134 433 a.
145 379 188 434 ro.
269 331 529 436 iseronem.
548 377 736 440 suenrus.
904 373 958 439 rsa

69 525 171 586 bellum
193 528 341 597 erat,inde
357 527 486 592 ¹Muciani
507 529 654 608 epistolis:
677 529 759 586 simul
779 528 879 598 ceteri,
901 535 956 588 ‘ut

70 604 219 662 ‘infestum
244 605 446 680 tumidumque’
474 606 691 676 insectabantur,
717 607 852 682 adjunctis
878 607 954 682 prio·

70 680 106 738 ris
124 682 191 740 vitre
213 682 376 740 criminibus
390 683 412 738 :1
433 701 527 760 neque
546 684 608 758 ipse
625 685 724 744 deerat
737 685 892 759 arrogante
905 703 954 742 vo-

69 775 131 816 care
150 751 296 828 offensas,2
309 759 408 818 niurius
428 762 688 830 commemorandis,
709 781 772 837 quar
796 763 953 823 meruisset.

69 835 176 892 ‘Alios’
191 843 222 894 ut
244 833 414 906 ‘imbelles',²-
430 845 437 870 ‘
451 836 606 895 Caeciuam’
621 848 652 896 ut
673 848 681 873 ‘
696 841 838 915 captivum
859 860 892 897 ac
906 839 954 896 de-

67 912 223 971 ‘diticium’
246 915 383 988 increpat.
432 913 515 970 Unde
538 916 680 996 paullatim
699 907 792 975 levior
813 917 956 994 viliorque
996 929 998 934 ’
1103 913 1104 922 ’

67 987 174 1058 haberi,
188 999 318 1049 manente
331 999 424 1048 tamen
439 991 467 1047 in
481 991 608 1065 speciem
620 991 748 1054 amicitia.
993 1048 1001 1056 .

102 1067 236 1125 LXXXl.
278 1067 335 1126 Per
355 1077 404 1126 eos
418 1087 540 1140 menses,
555 1069 655 1144 quibus
669 1069 955 1150 Vespasianus‘Alex-
1042 1133 1046 1152 ⁸

68 1145 172 1202 andriae
191 1153 276 1204 statos
297 1146 401 1203 aestivis
415 1145 533 1202 ⁴flatibus
557 1147 628 1214 dies,
648 1153 679 1204 et
700 1155 778 1212 certa
796 1151 892 1218 maris,
905 1169 956 1225 op-

67 1224 230 1295 periebatur
249 1225 336 1280 multa
359 1224 493 1280 miracula
514 1217 651 1293 evenere,
662 1224 724 1299 quis
745 1225 808 1281 caeli
822 1225 912 1293 favor,
927 1235 957 1286 et

69 1301 196 1373 quasdam
218 1300 247 1357 in
270 1299 473 1375 Vespasianum
495 1301 638 1358 inclinatio
663 1301 807 1360 numinum
827 1301 956 1362 ostende-

68 1384 154 1434 retur.
207 1375 252 1433 Ex
271 1377 358 1452 plebe
381 1377 570 1435 Alexandrini
583 1377 709 1454 quidam·
726 1380 873 1438 oculorum
892 1379 960 1438 tabe

68 1460 262 1528 notusrgenua
284 1454 346 1530 ejus
369 1455 562 1524 advolviturr‘
575 1457 731 1514 remedium
750 1457 958 1534 caecitatis'er·

67 1547 187 1606 poscens
212 1531 327 1606 gemitu,
354 1531 474 1590 monitu³
504 1532 646 1608 Serapidis
671 1533 729 1610 dei,
755 1553 840 1611 quern
865 1534 958 1594 dedita

69 1609 318 1682 superstitionibus
336 1628 403 1684 gens
430 1619 495 1668 ante
521 1611 590 1668 alios
612 1609 699 1682 colit:
731 1615 956 1690 precabaturque

69 1682 239 1760 Principem,
262 1693 294 1752 ut
324 1705 408 1764 genas
441 1695 470 1745 et
502 1689 649 1746 oculorum
682 1690 766 1750 orbes
795 1691 957 1766 dignaretur

70 1769 261 1839 ‘respergere
289 1765 346 1822 'o‘rls
369 1763 577 1823 'excremento’
630 1762 709 1824 Alius
735 1765 847 1826 manum
869 1787 956 1844 aeger,

66 1842 167 1897 eodem
188 1839 242 1900 deo
264 1850 392 1910 auctore,
406 1849 454 1898 ‘ut
476 1843 550 1918 pede
572 1862 605 1901 ac
623 1845 740 1918 vestigio
759 1839 880 1903 Caesaris
900 1847 957 1905 cul-

27 1955 30 1962 .
71 1919 225 1987 ‘caretum’
241 1921 347 1978 orabat.
390 1917 577 1994 Vespasianus
596 1921 689 1993 primu
712 1922 841 1979 inridere
861 1941 957 1997 asper·

70 1997 146 2068 nari;
170 2003 254 2072 atque
277 1997 331 2054 illis
355 1995 629 2064 lustrationemodo
644 1995 745 2065 famam
757 1999 958 2058 vanitatisrne

70 2080 148 2132 tuere
169 2075 259 2146 'modo
283 2072 418 2150 ipsorum,
445 2080 474 2130 et
499 2072 627 2142 vocibus,
642 2081 683 2150 ‘et
703 2075 820 2132 vocibus
846 2074 956 2132 adulan-

70 2151 134 2210 tium
156 2151 187 2209 in
207 2171 287 2227 spem
313 2153 430 2210 induci:
459 2153 606 2226 postremo
629 2152 782 2221 existimari
795 2171 830 2216 a¹
842 2147 958 2210 medicis

67 2228 155 2303 jubet,
171 2248 206 2286 nn
228 2230 289 2288 talis
310 2231 423 2287 caecitas
444 2247 480 2286 ac
494 2229 623 2290 debilitas
642 2248 702 2305 ope.
711 2228 830 2307 humani
843 2248 958 2305 supera·

72 2307 138 2364 biles
151 2305 256 2365 forent.
298 2307 403 2364 Medici
422 2307 499 2364 varie
511 2305 660 2382 disserere
674 2327 681 2366 z
706 2307 801 2368 ‘Hnic
817 2303 877 2368 ‘non
890 2327 958 2365 exe·

73 2391 80 2418 ‘
94 2403 148 2442 sam
162 2387 220 2442 rim
228 2386 350 2454 luminis,
366 2391 394 2442 et
403 2385 566 2453 redituram,
580 2383 792 2462 sipell'erentur
803 2386 957 2450 obstantia:

73 2462 131 2520 ‘illi
146 2463 257 2538 elapsos
271 2465 300 2520 in
314 2481 432 2538 pravum
446 2472 532 2534 artus,
546 2463 570 2520 si
583 2464 701 2522 salubris
719 2464 761 2522 ris
782 2459 958 2532 abhibeatnr,

72 2548 176 2616 ‘posse
196 2542 338 2615 integrari.
381 2541 413 2596 ld
435 2539 552 2598 fortasse
572 2543 652 2600 cordi
672 2543 743 2610 deis,
758 2543 894 2603 etdivino
908 2543 958 2597 rni-

73 2618 206 2675 ‘nisterio
228 2619 391 2693 Principem
413 2619 558 2674 electum:
581 2617 703 2693 denique
726 2619 826 2692 patrati
840 2617 959 2675 remedii

71 2696 207 2768 ‘glorium
226 2715 315 2771 penes
337 2695 504 2764 cesarem
526 2693 603 2750 inriti
623 2692 775 2750 ludid'rium
797 2711 893 2767 penes·
908 2695 959 2750 mi·

72 2780 171 2830 ‘seros
194 2771 278 2831 sore)
320 2774 414 2848 Igitur
426 2769 626 2846 Vespasianus,
640 2776 740 2828 cuncta
759 2769 879 2828 fonunae
900 2790 962 2838 sum

71 2849 182 2926 pateret
194 2858 280 2920 ratus,
291 2861 348 2908 'nec
362 2849 518 2926 ¹quidquam
537 2847 612 2903 ultrb
628 2847 805 2929 incredibile,
819 2848 885 2905 laeto
898 2849 961 2923 ipse
991 2865 998 2874 ·
1018 2873 1035 2910 .·

72 2928 158 2996 voltu,
173 2927 269 2986 erectd
293 2947 356 3004 quae
380 2927 505 2984 adstabat
528 2924 714 2994 multitudine,
732 2926 811 3000 jussa
830 2927 959 3006 exsequi·

73 3010 124 3064 tur.
166 3005 262 3064 Statim
285 3023 423 3070 conuersa
442 3003 477 3084 ad
497 3020 706 3073 usum-manus,
720 3022 752 3062 ac
766 3021 843 3061 cneo
858 3004 962 3062 reluxit
1014 3035 1016 3040 ,

105 3163 118 3215 l
138 3156 245 3225 Peioris
253 3159 487 3218 ailmeriiniur'bus.
499 3159 576 3214 Vide
586 3161 660 3214 Anu.
670 3160 760 3227 tntu.
768 3171 796 3214 et
804 3159 876 3235 Hist.
884 3156 911 3224 2,
918 3159 961 3226 lilla

104 3231 123 3285 2
144 3226 374 3302 Vocon-,pseustin
387 3233 404 3284 i.
417 3247 441 3286 e.
454 3247 616 3301 provocare.
781 3291 784 3296 ,

104 3301 124 3354 3Ὶ
138 3302 293 3372 Expertum
302 3302 414 3372 gemitu,
426 3299 537 3366 munitm
548 3301 595 3366 ¹tre.
632 3299 703 3354 Duae
714 3303 798 3355 vone's
814 3299 962 3370 postreuioe

71 3369 215 3434 offendunt
226 3368 389 3440 funestum,
401 3371 448 3439 qrri
460 3379 556 3423 censet
565 3369 668 3439 gemitu
680 3381 729 3442 aut
749 3372 874 3438 spurium
892 3383 962 3433 esse,
1019 3383 1021 3389 ’

74 3450 119 3493 aut
130 3457 182 3509 pru
201 3459 241 3494 eo
250 3441 405 3512 legendum
423 3456 485 3493 esse
496 3438 657 3510 ingenitum,
669 3441 687 3492 i.
699 3456 723 3492 e.
736 3439 907 3510 Vespasiano
920 3440 962 3492 in·

73 3509 154 3563 situm
167 3511 312 3576 divinitus

106 3577 124 3631 4
136 3579 371 3652 conducturos
383 3598 437 3637 ana
448 3584 555 3655 putere.
590 3579 688 3636 Molles
700 3575 845 3648 Erremus,
857 3592 965 3657 pareret

489 3670 551 3730 ΗΞ,
