2254 3960
88 295 112 336 r.
133 295 161 336 o.
179 281 224 336 70.
319 281 474 340 meros
493 283 565 340 LIB-
585 285 764 348 Qllm'l'llfl.
934 291 988 350 Μ

87 426 243 488 luebantur.
286 425 408 488 Cerialis
435 438 588 490 ‘voterem
613 432 732 492 Romani
757 434 875 494 nominis
900 437 986 512 glori-

88 512 172 574 Ἢ,
194 505 320 593 antiquum
341 513 528 582 recentesque
547 510 705 574 victorias:
727 520 758 570 ut
777 511 926 587 perfidum,
946 517 985 590 ig·

90 588 358 651 ‘narum,r1ctum
380 583 500 653 hostem,
521 587 550 643 in
573 594 709 647 eternum
735 589 922 649 exciderent:
944 593 986 650 ul·

89 660 195 718 ‘tione
218 659 316 733 magis,
330 661 413 734 quim
435 663 538 736 proelio
560 681 631 738 opus
654 682 728 723 esse.
770 667 922 725 Peuciores
936 687 985 726 nu·

90 745 99 772 ‘
114 755 171 813 per
184 737 389 813 cumpluribus
401 745 526 796 certasse
540 761 547 795 :
570 759 602 797 ac
620 748 714 799 tamen
728 741 804 802 fusos
818 743 985 814 Germanos,

89 813 193 889 ‘quod
218 814 329 870 roboris
355 811 451 872 fuerit.
493 816 660 891 Superesse,
685 820 734 894 qui
760 820 853 895 fugam
879 823 986 891 animis,

67 899 98 964 ,ι
114 891 176 966 qui·
191 891 322 948 vulnerer
336 897 428 964 tergo,
448 891 560 950 ferant!
611 890 749 969 Proprius
772 897 838 955 inde
860 899 986 957 stimulos

87 966 249 1042 legionibus
282 967 458 1037 admovebat,
486 968 659 1027 ‘domitores
692 971 844 1032 Britanniae
871 983 983 1050 quarta·

88 1045 287 1102 ‘decimanos’
314 1046 474 1120 appellans:
524 1045 710 1122 ‘Pr-incipe·
738 1049 870 1119 Galbam,
896 1059 984 1110 sexta:

88 1121 236 1196 ‘legionis
257 1123 423 1180 auctoritate
446 1121 573 1180 sactum:
595 1124 644 1180 ills
663 1125 785 1200 primun:
804 1129 864 1184 acie
884 1147 983 1186 secun

89 1199 202 1256 ‘danos
233 1217 308 1258 nora
339 1200 429 1274 signa,
464 1219 623 1276 novamque
666 1202 788 1277 aquilam
820 1203 981 1262 dicaturos.’

88 1276 167 1334 Hinc
186 1283 350 1352 praevectus
368 1277 402 1334 ad
421 1277 622 1334 Germanicum
635 1280 803 1347 exercitum,
817 1289 983 1338 manusten-

88 1355 184 1422 debat,
199 1362 206 1388 ‘
219 1360 250 1410 ut
262 1372 340 1412 suam
353 1354 454 1428 ripam,
468 1373 519 1412 sua
532 1361 625 1412 cestra
645 1356 781 1430 sanguiue
795 1356 917 1414 bostium
935 1375 981 1415 re·

88 1441 96 1466 ⁴
112 1430 297 1505 ciperarent.'
339 1432 468 1488 Alacrior
480 1432 604 1488 omnium
617 1432 734 1501 clamor,
749 1434 812 1508 quis
825 1433 904 1489 vele
923 1434 982 1492 Ion·
995 1477 998 1484 .

85 1507 122 1583 gl
136 1526 208 1583 pace
224 1507 319 1582 proelii
340 1507 454 1581 cupido,
468 1509 516 1564 vel
529 1507 611 1564 sessis
624 1510 701 1568 bello
715 1510 791 1585 pacis
805 1528 894 1579 amor,
908 1529 982 1586 prre-
1022 1537 1028 1556 ·

86 1585 203 1658 mirque
216 1591 245 1642 et
258 1585 343 1660 quies·
352 1584 538 1658 inposterum
551 1587 745 1659 sperabantur.

126 1660 223 1718 XVII.
265 1661 332 1718 Nec
357 1659 458 1718 Civilis
484 1663 615 1723 silentem
640 1665 744 1723 struxit
765 1667 865 1736 aciem,
888 1667 984 1725 locum

83 1729 192 1812 pugriae
212 1745 316 1795 testem
339 1737 450 1794 abrutis
472 1739 574 1802 ciens:
597 1741 698 1802 ‘Stare
719 1742 876 1801 Germanos
900 1743 981 1804 Bate-

86 1823 222 1889 ‘vosqne
244 1831 332 1887 super
351 1812 470 1886 vestigia
488 1813 599 1886 gloriae,
622 1815 734 1872 cineres
758 1834 876 1891 ossaque
894 1817 981 1890 legio·
1077 1881 1078 1886 η

86 1897 181 1948 ‘num
201 1891 359 1948 calcantes:
382 1907 560 1964 quocumque
583 1891 681 1959 oculoq
699 1891 840 1948 Romanus
853 1893 980 1950 intende·

85 1978 94 2002 ⁶
109 1975 169 2035 ret,
184 1967 382 2042 captivitatem,
396 1966 562 2040 clademque
587 1972 627 2044 et¹
636 1965 702 2022 dira-
716 1967 809 2024 omnia
823 1967 980 2024 obuersari.

83 2053 92 2082 ‘
107 2043 157 2100 Ne
170 2050 349 2099 terrerentur
364 2042 448 2111 ,vario
470 2041 625 2096 Treuerici
644 2042 739 2114 proelii
753 2050 877 2098 eventu:
900 2061 980 2101 suam

84 2120 171 2177 ‘illic
192 2117 339 2176 uictoriam
362 2115 513 2174 Germanis
537 2116 688 2187 obstitisse,
708 2117 785 2184 dum,
806 2116 913 2174 omissis
936 2124 979 2176 te-

84 2197 156 2265 ⁰132,
170 2193 377 2270 producimus
397 2179 576 2268 impediunt:
598 2194 649 2252 sed
661 2201 764 2252 cuncta
781 2212 847 2250 mor
861 2213 985 2270 prospe·-

63 2282 152 2342 Ἢ,
167 2279 197 2330 et
217 2271 290 2334 hosti
312 2271 454 2328 contraria
476 2270 619 2328 erenIsse.
661 2271 732 2341 Quae
755 2271 900 2348 provideri
920 2279 981 2332 astu

83 2359 91 2387 ‘
107 2348 191 2408 ducis
205 2347 387 2424 oportuerit,¹
402 2348 534 2421 provisa:
556 2367 671 2424 campos
694 2349 847 2418 madentes,
862 2358 891 2408 et
911 2347 979 2426 ipsis

83 2438 223 2502 ‘gnarou
235 2425 352 2501 paludes
375 2424 501 2484 hostibus
521 2426 640 2484 noxias:
662 2425 794 2484 Rhenum
814 2435 844 2485 et
860 2427 979 2486 Germa·

82 2505 166 2562 ‘nius
193 2503 262 2560 deos
287 2501 316 2557 in
343 2508 471 2575 aspectu,
498 2521 619 2577 quorum
650 2503 764 2560 numine
796 2511 981 2575 capesserent

81 2590 242 2657 ‘Pussflflmr
265 2577 426 2655 mudum,
451 2587 612 2651 parentum,
633 2579 733 2650 patrie
760 2593 924 2634 memores:
945 2578 979 2634 il·
1005 2581 1009 2598 ¹
1087 2601 1089 2612 ·

82 2670 89 2695 ‘
107 2660 170 2718 lum
182 2657 257 2714 diem
271 2663 319 2713 aut
340 2655 570 2728 gloriosissimum
590 2652 665 2710 inter
687 2653 820 2726 majores,
838 2659 885 2707 aut
901 2651 978 2725 igno.

79 2733 258 2794 ‘minIosum
282 2733 357 2808 apud
382 2738 511 2806 posteros
536 2729 622 2787 fone!
663 2727 721 2787 Ubi
745 2744 815 2784 sono
838 2734 979 2786 armorum

79 2811 271 2886 tripudiisque
292 2809 346 2890 (ita
362 2807 420 2866 illis
439 2807 515 2884 mos)
539 2805 692 2881 approbata
714 2811 780 2860 sunt
801 2803 884 2870 dicta,
905 2806 978 2865 suxis

79 2885 299 2964 glandibusque,
320 2893 349 2943 et
369 2885 473 2944 ceteris
494 2883 645 2942 missilibus
668 2880 800 2956 proelium
821 2880 979 2954 incipitur:

80 2982 179 3042 neque
202 2971 298 3023 nostro
318 2963 407 3021 milite
431 2961 562 3038 paludem
575 2957 761 3033 ingrediente,
776 2964 806 3014 et
817 2957 977 3030 Germanis,

79 3051 113 3101 ut
127 3041 276 3111 elicerent,
294 3039 511 3101 lacessentibus.
857 3091 861 3098 ,

111 3117 232 3174 XVIII.
288 3115 459 3190 Absumptis,
492 3133 556 3191 que
584 3113 733 3181 'aciuntuu
760 3118 789 3169 et
813 3111 980 3170 ardescente

77 3196 186 3276 pugni,
201 3207 371 3270 procursum
385 3194 420 3254 ab
441 3193 522 3252 hoste
543 3193 552 3249 i
583 3190 690 3250 eslim:
712 3189 855 3256 immensis
875 3205 977 3264 corpo·

117 3351 133 3402 1
158 3343 223 3420 Quo
233 3347 369 3418 prouideri
377 3352 439 3402 ustas
448 3346 525 3402 dude
534 3343 687 3415 monuerit,
698 3342 816 3413 pocior.
852 3341 981 3400 Itaolurd

78 3419 255 3488 Ryokisnus,
267 3427 298 3484 et¹
317 3419 418 3470 codem
438 3417 566 3471 alludunt
586 3415 663 3467 Flor.
675 3413 781 3482 Regius
793 3422 821 3466 et
833 3409 979 3480 Budeusls,

79 3492 109 3544 in
122 3489 225 3558 quibus
237 3489 367 3541 scribitur
375 3485 482 3554 precise
500 3486 544 3542 vel
550 3483 664 3558 precia
676 3483 825 3540 Editorum
831 3481 981 3556 punicas:

78 3557 415 3626 nullocodicafirmutur.
840 3571 843 3576 ·
