2252 3958
128 313 166 382 a
378 313 435 370 o.
449 315 569 404 'coam
592 309 729 371 raom
766 290 769 300 ’
834 327 941 387 ηε.
958 311 1039 370 aar.
1121 331 1122 338 Ν

131 463 241 520 sionem
252 456 459 528 Viennensium
469 456 630 532 impellere,
650 463 657 488 ‘
670 455 815 513 obsessam
828 453 863 510 ab
876 451 932 512 illis
945 454 1035 512 colo-

133 541 230 606 ‘niam
249 555 337 603 suam,
362 533 470 608 adjutos
490 531 626 600 Vindicis,
637 537 764 598 conatus,
785 531 959 605 conscriptas
974 550 1036 588 uu-

133 625 211 692 ‘per
220 615 344 688 legiones
358 613 386 668 in
400 611 563 686 presidium
581 609 690 666 Galbae’
713 605 877 666 referendo.
920 607 959 665 Et
976 609 1037 666 ubi
1119 617 1120 620 ’

131 713 228 752 causas
242 691 371 748 odiorum
385 688 605 763 praetenderant,
626 685 844 766 magnitudinem
857 685 965 760 praeda
982 704 1036 744 os-

131 771 292 828 tendebant.
335 767 398 823 Nec
419 767 479 841 jam
502 772 614 822 secreta
636 762 808 830 exhortabo,
831 763 883 818 sed
903 762 1036 838 publicae

131 865 252 925 preces:
269 855 276 878 ⁴
291 846 368 902 lrent
378 845 497 912 ultores,
507 841 706 902 exscinderent
716 839 927 900 sedemGallici
935 841 1008 898 belli
1025 863 1034 897 :

131 935 140 960 ⁴
155 931 255 980 cuncta
267 923 325 980 illic
337 929 454 978 externa
463 919 614 986 ethostilia
627 941 634 974 ε
656 936 687 975 se
697 917 836 975 coloniam
846 917 1035 986 Romanam,l

129 1009 184 1058 ‘et
205 993 314 1075 partem
336 999 488 1066 exercitas,
512 1005 542 1055 et
564 1013 766 1072 prosperarum
787 995 1034 1070 adversarumque

131 1087 140 1114 ·
156 1097 252 1137 rerum
265 1079 377 1136 socios:
400 1076 548 1136 silentum
568 1075 666 1132 contra
686 1074 780 1142 daret,
796 1073 874 1132 isatis
888 1091 925 1130 ue
939 1075 1035 1132 reliu-

130 1158 333 1234 'quereutuc'
450 1155 460 1208 .’
725 1201 727 1208 s
881 1191 885 1198 -

170 1234 275 1292 LXVl.
316 1235 369 1292 His
389 1240 419 1292 et
436 1233 566 1309 pluribus
579 1231 608 1288 in
621 1229 756 1292 eumdem
765 1229 878 1286 modum
892 1231 1034 1304 perpule-

54 1342 57 1346 ,
132 1319 205 1382 rant,
229 1323 260 1370 ut
281 1333 316 1370 ne
330 1313 414 1386 legati
427 1311 551 1386 quidem,
575 1328 608 1365 ac
629 1307 715 1364 duces
738 1307 871 1382 partium,
893 1309 1036 1381 restingui

132 1411 216 1466 posse
231 1391 400 1458 iracundiam
414 1387 555 1446 exercitiis
577 1385 805 1442 arbitrarentur:
821 1385 974 1442 ciimhaud
989 1387 1035 1460 ig-

131 1469 192 1524 nari
219 1467 387 1526 discriminis
413 1465 457 1520 sni
479 1463 667 1532 Viennenses,
694 1464 852 1522 velamenta
872 1469 905 1520 et
926 1461 1036 1523 infulas

132 1543 332 1618 praeses-entes,
346 1542 395 1598 ubi
406 1560 503 1614 agmen
516 1541 682 1609 incesserat,
696 1547 898 1614 armageuua,
912 1541 1037 1615 vestigia

132 1620 302 1698 prensando,
317 1618 427 1675 flexere
440 1617 558 1676 militum
572 1617 700 1675 animos.=
730 1617 843 1676 Addidit
853 1618 960 1676 Valeas
971 1625 1034 1676 tre-

132 1715 218 1762 cenos
240 1691 355 1770 siugulis
376 1695 512 1753 militibus·
533 1696 697 1752 sestertios:
719 1703 778 1754 tum
799 1703 922 1765 vetustas
940 1696 1035 1770 digni-

131 1781 230 1848 tasque
244 1775 362 1830 coloniae
372 1775 473 1848 salust,
486 1783 517 1832 et
534 1775 623 1832 verba
637 1773 728 1842 Fabii,
745 1775 865 1831 salutem
878 1775 1033 1834 incolumi·

133 1857 286 1926 tateuique.
328 1851 531 1910 Viennensium
550 1851 892 1928 caementorumque
915 1853 1035 1910 auribus

129 1925 266 2004 accepta:
290 1930 402 2005 publice
416 1937 510 1988 tamen
530 1929 613 1986 manis
633 1930 768 1998 mulctati,
790 1929 906 2004 privatis
920 1937 950 1999 et
963 1949 1034 2006 pro-

4 2027 6 2040 *
89 2047 90 2050 =
128 2007 246 2068 ‘miscuis
261 2009 360 2084 copiis,
380 2009 486 2084 juvere
499 2007 626 2066 militem.
657 2007 724 2076 *Sed
738 2005 953 2066 fauaconstaus
967 2008 1033 2080 luit,

132 2094 140 2120 ‘
156 2086 251 2162 ipsum·
263 2086 411 2144 Valentem
425 2088 522 2160 magnai
535 2085 655 2160 pecunia
670 2087 816 2160 emptum.’
859 2087 887 2143 ls
900 2087 949 2144 diu
967 2106 1033 2144 sor·

131 2163 222 2239 didus,
239 2166 356 2240 repente
367 2163 461 2233 dives,
482 2163 663 2220 mutationem
676 2160 797 2220 fortunae
817 2165 890 2228 male
904 2167 1031 2239 tegebat,

131 2243 257 2302 accensis
284 2250 409 2313 egestate
433 2243 515 2312 longa
540 2241 729 2316 cupidinibus,
763 2241 974 2311 immoderatus,
999 2252 1033 2301 et

132 2317 210 2390 inopi
224 2317 353 2390 juvente,
376 2337 464 2374 senex
487 2318 631 2392 prodigus.
651 2354 654 2362 -
672 2319 763 2378 Lento
783 2319 886 2380 deinde
910 2321 1033 2396 agmine,

133 2412 191 2467 peu
207 2387 281 2454 fines
296 2395 479 2467 Allobrogum
493 2401 522 2450 et
535 2393 739 2466 Vocontiorum
752 2397 852 2456 ductus
866 2400 1031 2466 exercitus:

132 2471 194 2544 ipsa
207 2471 339 2528 itinerum
353 2469 450 2546 spatia,
466 2480 495 2529 et
505 2472 851 2540 stativorum—mutationes
864 2477 1033 2536 venditante

133 2547 207 2606 duce
217 2571 233 2619 3,
241 2547 321 2607 soedis
332 2549 509 2623 pactionibus
518 2550 650 2608 aduersus
660 2570 839 2626 possessores
851 2547 994 2628 agrorum,
1003 2564 1033 2614 et

133 2627 306 2702 magistratus
327 2627 484 2696 civitatum,
506 2629 578 2686 adeb
599 2629 757 2699 minaciter,
781 2637 812 2687 ut
831 2632 911 2690 Luco
925 2633 1031 2712 (muni-

62 2733 65 2744 ι
130 2705 237 2781 cipium
251 2706 279 2762 id
293 2704 497 2768 Vocontiorum
511 2705 567 2785 est)
589 2705 666 2768 faces
685 2707 854 2778 admoverit,
872 2709 964 2768 donec
976 2730 1033 2786 pe·

133 2785 215 2841 cunia
235 2785 427 2856 mitigaretur:
458 2782 587 2861 quotiens
609 2785 738 2858 pecuniae
762 2788 880 2845 materia
904 2789 1032 2859 deesset,

131 2862 237 2934 stupris
252 2869 280 2916 et
293 2859 624 2918 adulteriiseuorabatu'r.
648 2863 736 2937 Sicad
748 2864 835 2938 Alpes
849 2874 1030 2941 perventum.

172 2935 291 2990 LXVII.
333 2937 399 2992 Plus
408 2939 519 3010 ,praedae
534 2957 565 2994 ac
577 2940 715 3012 sanguinis
730 2940 845 2998 Caecina
857 2943 960 3000 hausit.
984 2944 1032 3000 lu-

133 3011 288 3068 ritarerant
313 3012 455 3072 turbidum
480 3014 622 3088 ingenium
648 3016 786 3086 Helvetii,
814 3017 923 3077 Gallica
948 3039 1034 3094 gens,

133 3088 200 3145 olim
219 3089 301 3144 armis
325 3089 461 3164 virisque,
489 3111 554 3147 mox
579 3095 715 3150 memorii
738 3092 858 3154 numinis
882 3098 968 3166 clara,
993 3097 1031 3156 de

133 3167 211 3224 caede
226 3167 323 3222 Galbae
338 3166 436 3239 ignari,
448 3167 480 3225 'et
490 3168 598 3226 Vitellii
612 3171 763 3245 imperium
777 3175 942 3232 abnuentes.
973 3175 1030 3232 lni-

132 3243 200 3312 tium
213 3246 290 3303 bello
304 3243 357 3304 fuit
370 3245 488 3304 avaritia
506 3266 538 3304 ac
556 3247 697 3306 festinatio
711 3251 950 3318 undetricesima,
959 3253 1031 3328 legi·

127 3455 130 3492 ³
167 3483 377 3540 laeculentum
389 3485 548 3542 Romanum.
585 3489 699 3542 Verdet
712 3492 880 3560 dignoshoc
894 3471 1034 3549 nomine.-

121 3563 199 3674 'ntapa
213 3545 328 3674 glienna
345 3557 450 3624 pariter
468 3559 579 3616 colonia
590 3559 672 3613 Rom.
684 3561 735 3614 sed
747 3567 843 3618 caueto
852 3558 911 3617 illic
922 3569 1037 3619 emmae

131 3635 213 3673 e'ou
243 3637 282 3674 aa·
336 3651 339 3656 ·

1112 357 1122 886 l
