<?xml version="1.0" encoding="UTF-8"?>
<!DOCTYPE html PUBLIC "-//W3C//DTD XHTML 1.0 Transitional//EN"
    "http://www.w3.org/TR/xhtml1/DTD/xhtml1-transitional.dtd">
<html xmlns="http://www.w3.org/1999/xhtml" xml:lang="en" lang="en">
 <head>
  <title>
</title>
<meta http-equiv="Content-Type" content="text/html;charset=utf-8" />
  <meta name='ocr-system' content='tesseract 3.04.00' />
  <meta name='ocr-capabilities' content='ocr_page ocr_carea ocr_par ocr_line ocrx_word'/>
</head>
<body>
  <div class='ocr_page' id='page_1' title='image "./ccorneliitaciti25tacigoog_0073.png"; bbox 0 0 2252 3958; ppageno 0'>
   <div class='ocr_carea' id='block_1_1' title="bbox 774 173 806 222">
    <p class='ocr_par' dir='ltr' id='par_1_1' title="bbox 774 173 806 222">
     <span class='ocr_line' id='line_1_1' title="bbox 774 173 806 222; baseline 0 -20"><span class='ocrx_word' id='word_1_1' title='bbox 774 173 806 222; x_wconf 44' lang='lat' dir='ltr'>:sb</span> 
     </span>
    </p>
   </div>
   <div class='ocr_carea' id='block_1_2' title="bbox 130 262 1023 375">
    <p class='ocr_par' dir='ltr' id='par_1_2' title="bbox 130 249 1023 375">
     <span class='ocr_line' id='line_1_2' title="bbox 130 262 1023 375; baseline -0.027 0"><span class='ocrx_word' id='word_1_2' title='bbox 130 309 165 374; x_wconf 84' lang='lat' dir='ltr'>su</span> <span class='ocrx_word' id='word_1_3' title='bbox 307 262 309 270; x_wconf 32' lang='lat'><strong>¹</strong></span> <span class='ocrx_word' id='word_1_4' title='bbox 378 284 414 366; x_wconf 88' lang='lat' dir='ltr'>d.</span> <span class='ocrx_word' id='word_1_5' title='bbox 431 301 545 362; x_wconf 82' lang='lat' dir='ltr'>sonu.</span> <span class='ocrx_word' id='word_1_6' title='bbox 563 287 699 375; x_wconf 71' lang='lat' dir='ltr'>‘ussum</span> <span class='ocrx_word' id='word_1_7' title='bbox 737 265 746 276; x_wconf 48' lang='lat'><em>⁹</em></span> <span class='ocrx_word' id='word_1_8' title='bbox 808 249 892 350; x_wconf 65' lang='lat' dir='ltr'>ln.</span> <span class='ocrx_word' id='word_1_9' title='bbox 909 311 936 350; x_wconf 67' lang='lat' dir='ltr'>e.</span> <span class='ocrx_word' id='word_1_10' title='bbox 952 291 1023 352; x_wconf 76' lang='lat' dir='ltr'>saa</span> 
     </span>
    </p>
   </div>
   <div class='ocr_carea' id='block_1_3' title="bbox 130 441 1029 914">
    <p class='ocr_par' dir='ltr' id='par_1_3' title="bbox 130 441 1029 914">
     <span class='ocr_line' id='line_1_3' title="bbox 169 441 1026 532; baseline -0.02 -17"><span class='ocrx_word' id='word_1_11' title='bbox 169 457 206 516; x_wconf 86' lang='lat' dir='ltr'>V.</span> <span class='ocrx_word' id='word_1_12' title='bbox 239 444 447 532; x_wconf 67' lang='lat' dir='ltr'>Vespasianus,</span> <span class='ocrx_word' id='word_1_13' title='bbox 468 469 536 510; x_wconf 81' lang='lat' dir='ltr'>scer</span> <span class='ocrx_word' id='word_1_14' title='bbox 548 449 665 516; x_wconf 70' lang='lat' dir='ltr'>nuilite,</span> <span class='ocrx_word' id='word_1_15' title='bbox 680 443 910 530; x_wconf 72' lang='lat' dir='ltr'>anteire&#39;agmen,</span> <span class='ocrx_word' id='word_1_16' title='bbox 924 441 1026 500; x_wconf 74' lang='lat' dir='ltr'>mcum</span> 
     </span>
     <span class='ocr_line' id='line_1_4' title="bbox 132 515 1023 610; baseline -0.027 -13"><span class='ocrx_word' id='word_1_17' title='bbox 132 515 229 597; x_wconf 71' lang='lat' dir='ltr'>&#39;cutm</span> <span class='ocrx_word' id='word_1_18' title='bbox 242 551 356 610; x_wconf 78' lang='lat' dir='ltr'>capere,</span> <span class='ocrx_word' id='word_1_19' title='bbox 369 537 453 588; x_wconf 86' lang='lat' dir='ltr'>noctu</span> <span class='ocrx_word' id='word_1_20' title='bbox 466 529 570 604; x_wconf 85' lang='lat' dir='ltr'>diuque</span> <span class='ocrx_word' id='word_1_21' title='bbox 583 519 711 590; x_wconf 81' lang='lat' dir='ltr'>consilio,</span> <span class='ocrx_word' id='word_1_22' title='bbox 726 539 770 588; x_wconf 83' lang='lat' dir='ltr'>ac,</span> <span class='ocrx_word' id='word_1_23' title='bbox 784 535 866 605; x_wconf 76' lang='lat' dir='ltr'>sires</span> <span class='ocrx_word' id='word_1_24' title='bbox 875 525 1023 606; x_wconf 70' lang='lat' dir='ltr'>posceret,</span> 
     </span>
     <span class='ocr_line' id='line_1_5' title="bbox 131 595 1024 674; baseline -0.024 -2"><span class='ocrx_word' id='word_1_25' title='bbox 131 632 215 672; x_wconf 83' lang='lat' dir='ltr'>manu</span> <span class='ocrx_word' id='word_1_26' title='bbox 228 611 352 669; x_wconf 74' lang='lat' dir='ltr'>hostibus</span> <span class='ocrx_word' id='word_1_27' title='bbox 366 607 464 674; x_wconf 88' lang='lat' dir='ltr'>obniti,</span> <span class='ocrx_word' id='word_1_28' title='bbox 483 605 551 662; x_wconf 91' lang='lat' dir='ltr'>cibo</span> <span class='ocrx_word' id='word_1_29' title='bbox 562 602 687 668; x_wconf 83' lang='lat' dir='ltr'>fortuito,</span> <span class='ocrx_word' id='word_1_30' title='bbox 707 603 788 654; x_wconf 88' lang='lat' dir='ltr'>veste</span> <span class='ocrx_word' id='word_1_31' title='bbox 803 595 959 668; x_wconf 85' lang='lat' dir='ltr'>habituque</span> <span class='ocrx_word' id='word_1_32' title='bbox 972 605 1024 652; x_wconf 73' lang='lat' dir='ltr'>nx</span> 
     </span>
     <span class='ocr_line' id='line_1_6' title="bbox 130 669 1026 764; baseline -0.022 -16"><span class='ocrx_word' id='word_1_33' title='bbox 130 688 284 764; x_wconf 83' lang='lat' dir='ltr'>agregario</span> <span class='ocrx_word' id='word_1_34' title='bbox 293 686 382 744; x_wconf 87' lang='lat' dir='ltr'>milite</span> <span class='ocrx_word' id='word_1_35' title='bbox 399 683 579 757; x_wconf 81' lang='lat' dir='ltr'>discrepans:</span> <span class='ocrx_word' id='word_1_36' title='bbox 592 693 719 752; x_wconf 77' lang='lat' dir='ltr'>promas,</span> <span class='ocrx_word' id='word_1_37' title='bbox 738 673 762 730; x_wconf 82' lang='lat' dir='ltr'>&#39;si</span> <span class='ocrx_word' id='word_1_38' title='bbox 773 669 1026 760; x_wconf 77' lang='lat' dir='ltr'>avaritiaabesset,</span> 
     </span>
     <span class='ocr_line' id='line_1_7' title="bbox 134 747 1020 840; baseline -0.021 -16"><span class='ocrx_word' id='word_1_39' title='bbox 134 765 252 840; x_wconf 76' lang='lat' dir='ltr'>antiquis</span> <span class='ocrx_word' id='word_1_40' title='bbox 278 756 394 820; x_wconf 86' lang='lat' dir='ltr'>ducibus</span> <span class='ocrx_word' id='word_1_41' title='bbox 420 779 473 837; x_wconf 90' lang='lat' dir='ltr'>par</span> <span class='ocrx_word' id='word_1_42' title='bbox 498 757 660 826; x_wconf 76' lang='lat' dir='ltr'>Mucianum</span> <span class='ocrx_word' id='word_1_43' title='bbox 685 769 702 808; x_wconf 88' lang='lat' dir='ltr'>e</span> <span class='ocrx_word' id='word_1_44' title='bbox 729 755 871 807; x_wconf 79' lang='lat' dir='ltr'>contremo</span> <span class='ocrx_word' id='word_1_45' title='bbox 897 747 1020 822; x_wconf 81' lang='lat' dir='ltr'>magnifi-</span> 
     </span>
     <span class='ocr_line' id='line_1_8' title="bbox 132 827 1029 914; baseline -0.021 -14"><span class='ocrx_word' id='word_1_46' title='bbox 132 843 284 908; x_wconf 65' lang='lat' dir='ltr'>centia-et</span> <span class='ocrx_word' id='word_1_47' title='bbox 297 858 376 914; x_wconf 90' lang='lat' dir='ltr'>opes,</span> <span class='ocrx_word' id='word_1_48' title='bbox 397 846 427 894; x_wconf 89' lang='lat' dir='ltr'>et</span> <span class='ocrx_word' id='word_1_49' title='bbox 446 842 546 900; x_wconf 82' lang='lat' dir='ltr'>cuncta</span> <span class='ocrx_word' id='word_1_50' title='bbox 558 831 697 905; x_wconf 84' lang='lat' dir='ltr'>privatum</span> <span class='ocrx_word' id='word_1_51' title='bbox 711 827 824 884; x_wconf 90' lang='lat' dir='ltr'>modum</span> <span class='ocrx_word' id='word_1_52' title='bbox 838 832 1029 899; x_wconf 71' lang='lat' dir='ltr'>‘supergressa</span> 
     </span>
    </p>
   </div>
   <div class='ocr_carea' id='block_1_4' title="bbox 28 901 1035 990">
    <p class='ocr_par' dir='ltr' id='par_1_4' title="bbox 28 901 1035 990">
     <span class='ocr_line' id='line_1_9' title="bbox 28 901 1035 990; baseline -0.02 -13"><span class='ocrx_word' id='word_1_53' title='bbox 28 915 33 926; x_wconf 87' lang='lat'>&#39;</span> <span class='ocrx_word' id='word_1_54' title='bbox 134 917 322 975; x_wconf 80' lang='lat' dir='ltr'>extollebant:</span> <span class='ocrx_word' id='word_1_55' title='bbox 345 915 436 990; x_wconf 86' lang='lat' dir='ltr'>aptior</span> <span class='ocrx_word' id='word_1_56' title='bbox 455 926 596 976; x_wconf 85' lang='lat' dir='ltr'>sermone,</span> <span class='ocrx_word' id='word_1_57' title='bbox 619 905 758 980; x_wconf 91' lang='lat' dir='ltr'>dispositu</span> <span class='ocrx_word' id='word_1_58' title='bbox 770 901 971 977; x_wconf 76' lang='lat' dir='ltr'>provisuque,²</span> <span class='ocrx_word' id='word_1_59' title='bbox 983 901 1035 958; x_wconf 78' lang='lat' dir='ltr'>ci·-</span> 
     </span>
    </p>
   </div>
   <div class='ocr_carea' id='block_1_5' title="bbox 91 979 1030 1986">
    <p class='ocr_par' dir='ltr' id='par_1_5' title="bbox 91 979 1030 1830">
     <span class='ocr_line' id='line_1_10' title="bbox 133 979 1026 1066; baseline -0.021 -15"><span class='ocrx_word' id='word_1_60' title='bbox 133 993 231 1060; x_wconf 74' lang='lat' dir='ltr'>uilium</span> <span class='ocrx_word' id='word_1_61' title='bbox 252 1011 348 1050; x_wconf 89' lang='lat' dir='ltr'>rerum</span> <span class='ocrx_word' id='word_1_62' title='bbox 370 989 497 1065; x_wconf 83' lang='lat' dir='ltr'>peritus:</span> <span class='ocrx_word' id='word_1_63' title='bbox 520 984 663 1059; x_wconf 88' lang='lat' dir='ltr'>egregium</span> <span class='ocrx_word' id='word_1_64' title='bbox 679 979 868 1066; x_wconf 76' lang='lat' dir='ltr'>principatus.</span> <span class='ocrx_word' id='word_1_65' title='bbox 881 980 1026 1054; x_wconf 84' lang='lat' dir='ltr'>tempera-</span> 
     </span>
     <span class='ocr_line' id='line_1_11' title="bbox 132 1056 1026 1142; baseline -0.019 -14"><span class='ocrx_word' id='word_1_66' title='bbox 132 1077 267 1138; x_wconf 83' lang='lat' dir='ltr'><strong>mentum,</strong></span> <span class='ocrx_word' id='word_1_67' title='bbox 290 1070 314 1125; x_wconf 88' lang='lat' dir='ltr'>si</span> <span class='ocrx_word' id='word_1_68' title='bbox 334 1065 454 1142; x_wconf 75' lang='lat' dir='ltr'>demptis</span> <span class='ocrx_word' id='word_1_69' title='bbox 477 1062 623 1137; x_wconf 89' lang='lat' dir='ltr'>utriusque</span> <span class='ocrx_word' id='word_1_70' title='bbox 642 1059 728 1126; x_wconf 89' lang='lat' dir='ltr'>vitiis,</span> <span class='ocrx_word' id='word_1_71' title='bbox 742 1059 810 1114; x_wconf 81' lang='lat' dir='ltr'>solae</span> <span class='ocrx_word' id='word_1_72' title='bbox 824 1062 944 1113; x_wconf 82' lang='lat' dir='ltr'>virtutes</span> <span class='ocrx_word' id='word_1_73' title='bbox 957 1056 1026 1112; x_wconf 85' lang='lat' dir='ltr'>mis-</span> 
     </span>
     <span class='ocr_line' id='line_1_12' title="bbox 91 1133 1027 1216; baseline -0.016 -12"><span class='ocrx_word' id='word_1_74' title='bbox 91 1186 113 1214; x_wconf 52' lang='grc'>,</span> <span class='ocrx_word' id='word_1_75' title='bbox 134 1153 278 1203; x_wconf 79' lang='lat' dir='ltr'>serentur.</span> <span class='ocrx_word' id='word_1_76' title='bbox 319 1137 455 1201; x_wconf 74' lang='lat' dir='ltr'>celerant</span> <span class='ocrx_word' id='word_1_77' title='bbox 475 1140 527 1206; x_wconf 79' lang='lat' dir='ltr'>hic,</span> <span class='ocrx_word' id='word_1_78' title='bbox 536 1139 627 1216; x_wconf 83' lang='lat' dir='ltr'>Syriae</span> <span class='ocrx_word' id='word_1_79' title='bbox 647 1137 697 1193; x_wconf 92' lang='lat' dir='ltr'>ille</span> <span class='ocrx_word' id='word_1_80' title='bbox 717 1135 824 1192; x_wconf 78' lang='lat' dir='ltr'>Judaeae</span> <span class='ocrx_word' id='word_1_81' title='bbox 844 1133 1027 1208; x_wconf 60' lang='lat' dir='ltr'>praepositum</span> 
     </span>
     <span class='ocr_line' id='line_1_13' title="bbox 134 1209 1027 1310; baseline -0.013 -32"><span class='ocrx_word' id='word_1_82' title='bbox 134 1221 234 1291; x_wconf 82' lang='lat' dir='ltr'>vicinis</span> <span class='ocrx_word' id='word_1_83' title='bbox 253 1221 464 1310; x_wconf 82' lang='lat' dir='ltr'>prouinciarum</span> <span class='ocrx_word' id='word_1_84' title='bbox 484 1213 774 1288; x_wconf 72' lang='lat' dir='ltr'>administrationibus,</span> <span class='ocrx_word' id='word_1_85' title='bbox 794 1209 899 1267; x_wconf 79' lang='lat' dir='ltr'>invidis</span> <span class='ocrx_word' id='word_1_86' title='bbox 916 1209 1027 1284; x_wconf 78' lang='lat' dir='ltr'>discor·</span> 
     </span>
     <span class='ocr_line' id='line_1_14' title="bbox 133 1287 1026 1370; baseline -0.011 -16"><span class='ocrx_word' id='word_1_87' title='bbox 133 1289 195 1368; x_wconf 88' lang='lat' dir='ltr'>des,</span> <span class='ocrx_word' id='word_1_88' title='bbox 216 1306 293 1356; x_wconf 83' lang='lat' dir='ltr'>exitu</span> <span class='ocrx_word' id='word_1_89' title='bbox 305 1299 417 1356; x_wconf 89' lang='lat' dir='ltr'>demum</span> <span class='ocrx_word' id='word_1_90' title='bbox 430 1294 565 1361; x_wconf 87' lang='lat' dir='ltr'>Neronis,</span> <span class='ocrx_word' id='word_1_91' title='bbox 586 1291 683 1367; x_wconf 88' lang='lat' dir='ltr'>positis</span> <span class='ocrx_word' id='word_1_92' title='bbox 697 1289 768 1346; x_wconf 88' lang='lat' dir='ltr'>odiis</span> <span class='ocrx_word' id='word_1_93' title='bbox 781 1287 944 1370; x_wconf 82' lang='lat' dir='ltr'>inmedium</span> <span class='ocrx_word' id='word_1_94' title='bbox 956 1303 1026 1344; x_wconf 87' lang='lat' dir='ltr'>con·</span> 
     </span>
     <span class='ocr_line' id='line_1_15' title="bbox 135 1364 1026 1450; baseline -0.013 -19"><span class='ocrx_word' id='word_1_95' title='bbox 135 1377 267 1433; x_wconf 89' lang='lat' dir='ltr'>suluere:</span> <span class='ocrx_word' id='word_1_96' title='bbox 289 1375 410 1450; x_wconf 77' lang='lat' dir='ltr'>primum</span> <span class='ocrx_word' id='word_1_97' title='bbox 422 1390 476 1446; x_wconf 87' lang='lat' dir='ltr'>per</span> <span class='ocrx_word' id='word_1_98' title='bbox 486 1371 609 1439; x_wconf 86' lang='lat' dir='ltr'>amicos;</span> <span class='ocrx_word' id='word_1_99' title='bbox 631 1368 696 1424; x_wconf 90' lang='lat' dir='ltr'>dein</span> <span class='ocrx_word' id='word_1_100' title='bbox 706 1366 851 1440; x_wconf 75' lang='lat' dir='ltr'>precipua</span> <span class='ocrx_word' id='word_1_101' title='bbox 864 1364 1026 1446; x_wconf 66' lang='lat' dir='ltr'>concordia</span> 
     </span>
     <span class='ocr_line' id='line_1_16' title="bbox 135 1441 1026 1524; baseline -0.012 -16"><span class='ocrx_word' id='word_1_102' title='bbox 135 1451 206 1508; x_wconf 82' lang='lat' dir='ltr'>fides</span> <span class='ocrx_word' id='word_1_103' title='bbox 220 1451 313 1517; x_wconf 85' lang='lat' dir='ltr'>Titus,</span> <span class='ocrx_word' id='word_1_104' title='bbox 334 1467 422 1524; x_wconf 86' lang='lat' dir='ltr'>prava</span> <span class='ocrx_word' id='word_1_105' title='bbox 443 1447 595 1504; x_wconf 86' lang='lat' dir='ltr'>certamina</span> <span class='ocrx_word' id='word_1_106' title='bbox 607 1443 746 1502; x_wconf 86' lang='lat' dir='ltr'>communi</span> <span class='ocrx_word' id='word_1_107' title='bbox 760 1442 884 1500; x_wconf 81' lang='lat' dir='ltr'>utilitato</span> <span class='ocrx_word' id='word_1_108' title='bbox 893 1441 1026 1499; x_wconf 81' lang='lat' dir='ltr'>aboleve-</span> 
     </span>
     <span class='ocr_line' id='line_1_17' title="bbox 134 1501 1030 1600; baseline -0.01 -15"><span class='ocrx_word' id='word_1_109' title='bbox 134 1535 198 1584; x_wconf 84' lang='lat' dir='ltr'>rat:</span> <span class='ocrx_word' id='word_1_110' title='bbox 221 1527 318 1583; x_wconf 74' lang='lat' dir='ltr'>natura</span> <span class='ocrx_word' id='word_1_111' title='bbox 331 1533 415 1600; x_wconf 88' lang='lat' dir='ltr'>atque</span> <span class='ocrx_word' id='word_1_112' title='bbox 429 1531 489 1580; x_wconf 85' lang='lat' dir='ltr'>arte</span> <span class='ocrx_word' id='word_1_113' title='bbox 507 1523 677 1597; x_wconf 86' lang='lat' dir='ltr'>compositus</span> <span class='ocrx_word' id='word_1_114' title='bbox 691 1501 851 1578; x_wconf 70' lang='lat' dir='ltr'>adliciendis</span> <span class='ocrx_word' id='word_1_115' title='bbox 865 1518 948 1575; x_wconf 84' lang='lat' dir='ltr'>etiam</span> <span class='ocrx_word' id='word_1_116' title='bbox 961 1517 1030 1577; x_wconf 75' lang='lat' dir='ltr'>utu-</span> 
     </span>
     <span class='ocr_line' id='line_1_18' title="bbox 134 1588 1029 1674; baseline -0.009 -15"><span class='ocrx_word' id='word_1_117' title='bbox 134 1603 355 1660; x_wconf 72' lang='lat' dir='ltr'>ciani&#39;moribus.</span> <span class='ocrx_word' id='word_1_118' title='bbox 397 1599 517 1657; x_wconf 79' lang='lat' dir='ltr'>Tribuni</span> <span class='ocrx_word' id='word_1_119' title='bbox 531 1599 779 1674; x_wconf 81' lang='lat' dir='ltr'>centurionesque,</span> <span class='ocrx_word' id='word_1_120' title='bbox 797 1604 827 1653; x_wconf 89' lang='lat' dir='ltr'>et</span> <span class='ocrx_word' id='word_1_121' title='bbox 839 1589 939 1670; x_wconf 87' lang='lat' dir='ltr'>vulgus</span> <span class='ocrx_word' id='word_1_122' title='bbox 952 1588 1029 1652; x_wconf 87' lang='lat' dir='ltr'>mili-</span> 
     </span>
     <span class='ocr_line' id='line_1_19' title="bbox 134 1667 1030 1751; baseline -0.004 -17"><span class='ocrx_word' id='word_1_123' title='bbox 134 1667 207 1751; x_wconf 70' lang='lat' dir='ltr'>tum,</span> <span class='ocrx_word' id='word_1_124' title='bbox 225 1679 371 1746; x_wconf 74' lang='lat' dir='ltr'>industria,</span> <span class='ocrx_word' id='word_1_125' title='bbox 392 1676 516 1745; x_wconf 74' lang='lat' dir='ltr'>licentii,</span> <span class='ocrx_word' id='word_1_126' title='bbox 536 1695 592 1751; x_wconf 89' lang='lat' dir='ltr'>per</span> <span class='ocrx_word' id='word_1_127' title='bbox 604 1677 733 1742; x_wconf 89' lang='lat' dir='ltr'>virtutes,</span> <span class='ocrx_word' id='word_1_128' title='bbox 746 1689 801 1749; x_wconf 83' lang='lat' dir='ltr'>per</span> <span class='ocrx_word' id='word_1_129' title='bbox 813 1673 988 1747; x_wconf 86' lang='lat' dir='ltr'>voluptates,¹</span> <span class='ocrx_word' id='word_1_130' title='bbox 997 1681 1030 1730; x_wconf 91' lang='lat' dir='ltr'>ut</span> 
     </span>
     <span class='ocr_line' id='line_1_20' title="bbox 133 1753 634 1830; baseline -0.008 -18"><span class='ocrx_word' id='word_1_131' title='bbox 133 1756 239 1830; x_wconf 84' lang='lat' dir='ltr'>cuique</span> <span class='ocrx_word' id='word_1_132' title='bbox 251 1756 401 1829; x_wconf 85' lang='lat' dir='ltr'>ingenium,</span> <span class='ocrx_word' id='word_1_133' title='bbox 416 1753 634 1811; x_wconf 82' lang='lat' dir='ltr'>adscisebantur.</span> 
     </span>
    </p>

    <p class='ocr_par' dir='ltr' id='par_1_6' title="bbox 135 1826 1027 1986">
     <span class='ocr_line' id='line_1_21' title="bbox 172 1826 1027 1908; baseline 0 -21"><span class='ocrx_word' id='word_1_134' title='bbox 172 1831 225 1889; x_wconf 78' lang='lat' dir='ltr'>Vl.</span> <span class='ocrx_word' id='word_1_135' title='bbox 265 1833 423 1908; x_wconf 79' lang='lat' dir='ltr'>Antequam</span> <span class='ocrx_word' id='word_1_136' title='bbox 436 1831 518 1886; x_wconf 87' lang='lat' dir='ltr'>Titus</span> <span class='ocrx_word' id='word_1_137' title='bbox 532 1830 708 1897; x_wconf 84' lang='lat' dir='ltr'>adventaret,</span> <span class='ocrx_word' id='word_1_138' title='bbox 721 1833 924 1888; x_wconf 85' lang='lat' dir='ltr'>sacramentum</span> <span class='ocrx_word' id='word_1_139' title='bbox 936 1826 1027 1887; x_wconf 90' lang='lat' dir='ltr'>Otho-</span> 
     </span>
     <span class='ocr_line' id='line_1_22' title="bbox 135 1904 1025 1986; baseline -0.004 -20"><span class='ocrx_word' id='word_1_140' title='bbox 135 1909 178 1967; x_wconf 90' lang='lat' dir='ltr'>nis</span> <span class='ocrx_word' id='word_1_141' title='bbox 193 1916 344 1986; x_wconf 85' lang='lat' dir='ltr'>acceperat</span> <span class='ocrx_word' id='word_1_142' title='bbox 353 1917 472 1984; x_wconf 88' lang='lat' dir='ltr'>uterque</span> <span class='ocrx_word' id='word_1_143' title='bbox 484 1906 636 1974; x_wconf 71' lang='lat' dir='ltr'>exercitus,</span> <span class='ocrx_word' id='word_1_144' title='bbox 651 1905 846 1980; x_wconf 66' lang='lat' dir='ltr'>praeciptibm‚</span> <span class='ocrx_word' id='word_1_145' title='bbox 860 1911 891 1962; x_wconf 89' lang='lat' dir='ltr'>ut</span> <span class='ocrx_word' id='word_1_146' title='bbox 904 1904 1025 1974; x_wconf 81' lang='lat' dir='ltr'>adsolet,</span> 
     </span>
    </p>
   </div>
   <div class='ocr_carea' id='block_1_6' title="bbox 136 1981 1125 2058">
    <p class='ocr_par' dir='ltr' id='par_1_7' title="bbox 136 1981 1125 2058">
     <span class='ocr_line' id='line_1_23' title="bbox 136 1981 1125 2058; baseline -0.004 -15"><span class='ocrx_word' id='word_1_147' title='bbox 136 1987 249 2050; x_wconf 84' lang='lat' dir='ltr'>nuntiis,</span> <span class='ocrx_word' id='word_1_148' title='bbox 262 1994 294 2045; x_wconf 83' lang='lat' dir='ltr'>et·</span> <span class='ocrx_word' id='word_1_149' title='bbox 304 1987 381 2045; x_wconf 73' lang='lat' dir='ltr'>tarda</span> <span class='ocrx_word' id='word_1_150' title='bbox 398 1987 473 2043; x_wconf 88' lang='lat' dir='ltr'>mole</span> <span class='ocrx_word' id='word_1_151' title='bbox 487 1984 577 2042; x_wconf 89' lang='lat' dir='ltr'>civilis</span> <span class='ocrx_word' id='word_1_152' title='bbox 591 1983 670 2052; x_wconf 89' lang='lat' dir='ltr'>belli,</span> <span class='ocrx_word' id='word_1_153' title='bbox 692 1982 767 2058; x_wconf 89' lang='lat' dir='ltr'>quod</span> <span class='ocrx_word' id='word_1_154' title='bbox 781 1983 862 2055; x_wconf 63' lang='lat' dir='ltr'>longi</span> <span class='ocrx_word' id='word_1_155' title='bbox 875 1981 1028 2041; x_wconf 71' lang='lat' dir='ltr'>concordii</span> <span class='ocrx_word' id='word_1_156' title='bbox 1124 1999 1125 2024; x_wconf 48' lang='lat' dir='ltr'>i</span> 
     </span>
    </p>
   </div>
   <div class='ocr_carea' id='block_1_7' title="bbox 134 2058 1046 2523">
    <p class='ocr_par' dir='ltr' id='par_1_8' title="bbox 134 2058 1046 2523">
     <span class='ocr_line' id='line_1_24' title="bbox 134 2058 1046 2138; baseline -0.008 -15"><span class='ocrx_word' id='word_1_157' title='bbox 134 2065 246 2138; x_wconf 87' lang='lat' dir='ltr'>quietus</span> <span class='ocrx_word' id='word_1_158' title='bbox 266 2065 380 2134; x_wconf 88' lang='lat' dir='ltr'>Oriens,</span> <span class='ocrx_word' id='word_1_159' title='bbox 403 2071 470 2121; x_wconf 87' lang='lat' dir='ltr'>tnnc</span> <span class='ocrx_word' id='word_1_160' title='bbox 492 2062 613 2138; x_wconf 89' lang='lat' dir='ltr'>primum</span> <span class='ocrx_word' id='word_1_161' title='bbox 633 2061 756 2137; x_wconf 86' lang='lat' dir='ltr'>parabat.</span> <span class='ocrx_word' id='word_1_162' title='bbox 790 2058 937 2134; x_wconf 78' lang='lat' dir='ltr'>&#39;Namque</span> <span class='ocrx_word' id='word_1_163' title='bbox 959 2061 1046 2118; x_wconf 78' lang='lat' dir='ltr'>olim.</span> 
     </span>
     <span class='ocr_line' id='line_1_25' title="bbox 134 2136 1027 2206; baseline -0.004 -8"><span class='ocrx_word' id='word_1_164' title='bbox 134 2142 302 2200; x_wconf 72' lang='lat' dir='ltr'>ualidissima</span> <span class='ocrx_word' id='word_1_165' title='bbox 314 2143 389 2200; x_wconf 91' lang='lat' dir='ltr'>inter</span> <span class='ocrx_word' id='word_1_166' title='bbox 402 2160 432 2198; x_wconf 89' lang='lat' dir='ltr'>se</span> <span class='ocrx_word' id='word_1_167' title='bbox 446 2141 549 2198; x_wconf 88' lang='lat' dir='ltr'>civium</span> <span class='ocrx_word' id='word_1_168' title='bbox 564 2157 651 2206; x_wconf 88' lang='lat' dir='ltr'>arma,</span> <span class='ocrx_word' id='word_1_169' title='bbox 672 2137 802 2204; x_wconf 80' lang='lat' dir='ltr'>initalia,</span> <span class='ocrx_word' id='word_1_170' title='bbox 823 2136 963 2205; x_wconf 68' lang='lat' dir='ltr'>Galliave,</span> <span class='ocrx_word' id='word_1_171' title='bbox 984 2137 1027 2195; x_wconf 90' lang='lat' dir='ltr'>vi·</span> 
     </span>
     <span class='ocr_line' id='line_1_26' title="bbox 137 2209 1027 2292; baseline -0.003 -17"><span class='ocrx_word' id='word_1_172' title='bbox 137 2219 214 2276; x_wconf 88' lang='lat' dir='ltr'>ribus</span> <span class='ocrx_word' id='word_1_173' title='bbox 237 2219 399 2276; x_wconf 88' lang='lat' dir='ltr'>Occidentis</span> <span class='ocrx_word' id='word_1_174' title='bbox 419 2209 520 2292; x_wconf 86' lang='lat' dir='ltr'>coepta.</span> <span class='ocrx_word' id='word_1_175' title='bbox 562 2216 598 2273; x_wconf 87' lang='lat' dir='ltr'>Et</span> <span class='ocrx_word' id='word_1_176' title='bbox 622 2213 769 2290; x_wconf 89' lang='lat' dir='ltr'>Pompeio,</span> <span class='ocrx_word' id='word_1_177' title='bbox 793 2213 901 2281; x_wconf 83' lang='lat' dir='ltr'>Cassio,</span> <span class='ocrx_word' id='word_1_178' title='bbox 925 2213 1027 2286; x_wconf 84' lang='lat' dir='ltr'>Bruto,</span> 
     </span>
     <span class='ocr_line' id='line_1_27' title="bbox 136 2291 1028 2370; baseline -0.001 -19"><span class='ocrx_word' id='word_1_179' title='bbox 136 2295 268 2364; x_wconf 80' lang='lat' dir='ltr'>Antonio,</span> <span class='ocrx_word' id='word_1_180' title='bbox 287 2313 357 2370; x_wconf 89' lang='lat' dir='ltr'>quos</span> <span class='ocrx_word' id='word_1_181' title='bbox 371 2313 466 2350; x_wconf 88' lang='lat' dir='ltr'>omnes</span> <span class='ocrx_word' id='word_1_182' title='bbox 486 2299 563 2349; x_wconf 86' lang='lat' dir='ltr'>trans</span> <span class='ocrx_word' id='word_1_183' title='bbox 579 2310 657 2358; x_wconf 84' lang='lat' dir='ltr'>mare</span> <span class='ocrx_word' id='word_1_184' title='bbox 671 2300 798 2353; x_wconf 84' lang='lat' dir='ltr'>secutum</span> <span class='ocrx_word' id='word_1_185' title='bbox 811 2297 854 2360; x_wconf 77' lang='lat' dir='ltr'>est</span> <span class='ocrx_word' id='word_1_186' title='bbox 867 2291 952 2348; x_wconf 84' lang='lat' dir='ltr'>civile</span> <span class='ocrx_word' id='word_1_187' title='bbox 964 2292 1028 2350; x_wconf 75' lang='lat' dir='ltr'>bet</span> 
     </span>
     <span class='ocr_line' id='line_1_28' title="bbox 137 2368 1028 2446; baseline -0.002 -18"><span class='ocrx_word' id='word_1_188' title='bbox 137 2372 205 2439; x_wconf 89' lang='lat' dir='ltr'>lum,</span> <span class='ocrx_word' id='word_1_189' title='bbox 219 2371 292 2428; x_wconf 85' lang='lat' dir='ltr'>haud</span> <span class='ocrx_word' id='word_1_190' title='bbox 304 2370 436 2446; x_wconf 86' lang='lat' dir='ltr'>prosperi</span> <span class='ocrx_word' id='word_1_191' title='bbox 449 2369 540 2426; x_wconf 84' lang='lat' dir='ltr'>exitus</span> <span class='ocrx_word' id='word_1_192' title='bbox 553 2368 673 2426; x_wconf 86' lang='lat' dir='ltr'>fuerant.</span> <span class='ocrx_word' id='word_1_193' title='bbox 714 2369 866 2442; x_wconf 84' lang='lat' dir='ltr'>Auditique</span> <span class='ocrx_word' id='word_1_194' title='bbox 880 2369 983 2444; x_wconf 73' lang='lat' dir='ltr'>saepius</span> <span class='ocrx_word' id='word_1_195' title='bbox 999 2370 1028 2426; x_wconf 86' lang='lat' dir='ltr'>iu</span> 
     </span>
     <span class='ocr_line' id='line_1_29' title="bbox 137 2443 1031 2523; baseline 0.001 -20"><span class='ocrx_word' id='word_1_196' title='bbox 137 2447 219 2523; x_wconf 63' lang='lat' dir='ltr'>Syria</span> <span class='ocrx_word' id='word_1_197' title='bbox 231 2446 248 2501; x_wconf 90' lang='lat' dir='ltr'>J</span> <span class='ocrx_word' id='word_1_198' title='bbox 251 2443 386 2522; x_wconf 73' lang='lat' dir='ltr'>udoed&#39;que</span> <span class='ocrx_word' id='word_1_199' title='bbox 400 2446 540 2513; x_wconf 76' lang='lat' dir='ltr'>Caesares,</span> <span class='ocrx_word' id='word_1_200' title='bbox 555 2447 779 2521; x_wconf 72' lang='lat' dir='ltr'>quiminspecti.</span> <span class='ocrx_word' id='word_1_201' title='bbox 821 2445 908 2502; x_wconf 84' lang='lat' dir='ltr'>Nulla</span> <span class='ocrx_word' id='word_1_202' title='bbox 925 2446 1031 2504; x_wconf 84' lang='lat' dir='ltr'>seditie</span> 
     </span>
    </p>
   </div>
   <div class='ocr_carea' id='block_1_8' title="bbox 135 2523 1123 2598">
    <p class='ocr_par' dir='ltr' id='par_1_9' title="bbox 135 2523 1123 2598">
     <span class='ocr_line' id='line_1_30' title="bbox 135 2523 1123 2598; baseline -0.001 -16"><span class='ocrx_word' id='word_1_203' title='bbox 135 2523 296 2598; x_wconf 84' lang='lat' dir='ltr'>legionum:</span> <span class='ocrx_word' id='word_1_204' title='bbox 318 2525 421 2582; x_wconf 75' lang='lat' dir='ltr'>tantum</span> <span class='ocrx_word' id='word_1_205' title='bbox 435 2523 567 2582; x_wconf 74' lang='lat' dir='ltr'>adversius</span> <span class='ocrx_word' id='word_1_206' title='bbox 582 2523 701 2580; x_wconf 82' lang='lat' dir='ltr'>Parthos</span> <span class='ocrx_word' id='word_1_207' title='bbox 711 2525 805 2592; x_wconf 80' lang='lat' dir='ltr'>minse,</span> <span class='ocrx_word' id='word_1_208' title='bbox 819 2525 899 2580; x_wconf 82' lang='lat' dir='ltr'>vario</span> <span class='ocrx_word' id='word_1_209' title='bbox 910 2531 1026 2582; x_wconf 73' lang='lat' dir='ltr'>eventu</span> <span class='ocrx_word' id='word_1_210' title='bbox 1122 2545 1123 2572; x_wconf 69' lang='lat' dir='ltr'>i</span> 
     </span>
    </p>
   </div>
   <div class='ocr_carea' id='block_1_9' title="bbox 136 2599 1029 2754">
    <p class='ocr_par' dir='ltr' id='par_1_10' title="bbox 136 2599 1029 2754">
     <span class='ocr_line' id='line_1_31' title="bbox 136 2599 1026 2677; baseline 0 -19"><span class='ocrx_word' id='word_1_211' title='bbox 136 2599 174 2660; x_wconf 82' lang='lat' dir='ltr'>Et</span> <span class='ocrx_word' id='word_1_212' title='bbox 186 2602 317 2677; x_wconf 85' lang='lat' dir='ltr'>proximo</span> <span class='ocrx_word' id='word_1_213' title='bbox 327 2601 404 2659; x_wconf 87' lang='lat' dir='ltr'>civili</span> <span class='ocrx_word' id='word_1_214' title='bbox 416 2602 504 2671; x_wconf 89' lang='lat' dir='ltr'>bello,</span> <span class='ocrx_word' id='word_1_215' title='bbox 517 2601 714 2668; x_wconf 69' lang='lat' dir='ltr'>turbationis,</span> <span class='ocrx_word' id='word_1_216' title='bbox 728 2600 894 2658; x_wconf 86' lang='lat' dir='ltr'>inconcussa</span> <span class='ocrx_word' id='word_1_217' title='bbox 904 2602 943 2664; x_wconf 87' lang='lat' dir='ltr'>ibi</span> <span class='ocrx_word' id='word_1_218' title='bbox 953 2619 1026 2676; x_wconf 75' lang='lat' dir='ltr'>pax-z</span> 
     </span>
     <span class='ocr_line' id='line_1_32' title="bbox 136 2669 1029 2754; baseline 0.001 -19"><span class='ocrx_word' id='word_1_219' title='bbox 136 2677 201 2736; x_wconf 87' lang='lat' dir='ltr'>dein</span> <span class='ocrx_word' id='word_1_220' title='bbox 210 2679 279 2736; x_wconf 67' lang='lat' dir='ltr'>fides*</span> <span class='ocrx_word' id='word_1_221' title='bbox 290 2697 355 2754; x_wconf 87' lang='lat' dir='ltr'>erga</span> <span class='ocrx_word' id='word_1_222' title='bbox 362 2680 490 2736; x_wconf 88' lang='lat' dir='ltr'>Galbam.</span> <span class='ocrx_word' id='word_1_223' title='bbox 532 2677 611 2746; x_wconf 81' lang='lat' dir='ltr'>Mox,</span> <span class='ocrx_word' id='word_1_224' title='bbox 624 2685 654 2734; x_wconf 90' lang='lat' dir='ltr'>ut</span> <span class='ocrx_word' id='word_1_225' title='bbox 668 2686 676 2712; x_wconf 89' lang='lat'>‘</span> <span class='ocrx_word' id='word_1_226' title='bbox 689 2675 831 2734; x_wconf 88' lang='lat' dir='ltr'>Othonem</span> <span class='ocrx_word' id='word_1_227' title='bbox 839 2697 871 2734; x_wconf 84' lang='lat' dir='ltr'>nc</span> <span class='ocrx_word' id='word_1_228' title='bbox 881 2669 1029 2736; x_wconf 82' lang='lat' dir='ltr'>Vitellium</span> 
     </span>
    </p>
   </div>
   <div class='ocr_carea' id='block_1_10' title="bbox 137 2755 1122 2829">
    <p class='ocr_par' dir='ltr' id='par_1_11' title="bbox 137 2755 1122 2829">
     <span class='ocr_line' id='line_1_33' title="bbox 137 2755 1122 2829; baseline 0.006 -19"><span class='ocrx_word' id='word_1_229' title='bbox 137 2761 145 2789; x_wconf 86' lang='lat'>‘</span> <span class='ocrx_word' id='word_1_230' title='bbox 159 2757 286 2814; x_wconf 88' lang='lat' dir='ltr'>scelestis</span> <span class='ocrx_word' id='word_1_231' title='bbox 300 2757 384 2814; x_wconf 86' lang='lat' dir='ltr'>armis</span> <span class='ocrx_word' id='word_1_232' title='bbox 398 2775 444 2814; x_wconf 90' lang='lat' dir='ltr'>res</span> <span class='ocrx_word' id='word_1_233' title='bbox 459 2755 596 2818; x_wconf 86' lang='lat' dir='ltr'>Romanas</span> <span class='ocrx_word' id='word_1_234' title='bbox 610 2762 720 2829; x_wconf 85' lang='lat' dir='ltr'>raptum</span> <span class='ocrx_word' id='word_1_235' title='bbox 734 2755 800 2823; x_wconf 87' lang='lat' dir='ltr'>i&#39;re,&#39;</span> <span class='ocrx_word' id='word_1_236' title='bbox 815 2756 958 2829; x_wconf 80' lang='lat' dir='ltr'>vulgatum</span> <span class='ocrx_word' id='word_1_237' title='bbox 971 2763 1027 2826; x_wconf 86' lang='lat' dir='ltr'>est,</span> <span class='ocrx_word' id='word_1_238' title='bbox 1121 2755 1122 2804; x_wconf 59' lang='lat' dir='ltr'>i</span> 
     </span>
    </p>
   </div>
   <div class='ocr_carea' id='block_1_11' title="bbox 135 2832 1121 2977">
    <p class='ocr_par' dir='ltr' id='par_1_12' title="bbox 135 2832 1121 2977">
     <span class='ocr_line' id='line_1_34' title="bbox 135 2832 1029 2906; baseline 0 -17"><span class='ocrx_word' id='word_1_239' title='bbox 135 2849 173 2889; x_wconf 90' lang='lat' dir='ltr'>ne</span> <span class='ocrx_word' id='word_1_240' title='bbox 193 2850 282 2906; x_wconf 91' lang='lat' dir='ltr'>penes</span> <span class='ocrx_word' id='word_1_241' title='bbox 304 2841 416 2890; x_wconf 89' lang='lat' dir='ltr'>ceteros</span> <span class='ocrx_word' id='word_1_242' title='bbox 439 2833 550 2906; x_wconf 87' lang='lat' dir='ltr'>imperii</span> <span class='ocrx_word' id='word_1_243' title='bbox 571 2833 699 2906; x_wconf 81' lang='lat' dir='ltr'>praemia,</span> <span class='ocrx_word' id='word_1_244' title='bbox 720 2851 811 2906; x_wconf 89' lang='lat' dir='ltr'>penes</span> <span class='ocrx_word' id='word_1_245' title='bbox 831 2832 908 2906; x_wconf 88' lang='lat' dir='ltr'>ipsos</span> <span class='ocrx_word' id='word_1_246' title='bbox 921 2834 1029 2890; x_wconf 75' lang='lat' dir='ltr'>tantum</span> 
     </span>
     <span class='ocr_line' id='line_1_35' title="bbox 137 2907 1121 2977; baseline 0.006 -13"><span class='ocrx_word' id='word_1_247' title='bbox 137 2908 245 2964; x_wconf 81' lang='lat' dir='ltr'>servitii</span> <span class='ocrx_word' id='word_1_248' title='bbox 257 2910 409 2966; x_wconf 86' lang='lat' dir='ltr'>necessitas</span> <span class='ocrx_word' id='word_1_249' title='bbox 423 2916 508 2976; x_wconf 90' lang='lat' dir='ltr'>esset,</span> <span class='ocrx_word' id='word_1_250' title='bbox 522 2907 646 2965; x_wconf 78' lang='lat' dir='ltr'>fremere</span> <span class='ocrx_word' id='word_1_251' title='bbox 658 2909 751 2977; x_wconf 87' lang='lat' dir='ltr'>miles,</span> <span class='ocrx_word' id='word_1_252' title='bbox 765 2917 795 2966; x_wconf 89' lang='lat' dir='ltr'>et</span> <span class='ocrx_word' id='word_1_253' title='bbox 807 2909 884 2967; x_wconf 88' lang='lat' dir='ltr'>vires</span> <span class='ocrx_word' id='word_1_254' title='bbox 897 2928 960 2966; x_wconf 87' lang='lat' dir='ltr'>suas</span> <span class='ocrx_word' id='word_1_255' title='bbox 971 2911 1027 2968; x_wconf 90' lang='lat' dir='ltr'>cir·</span> <span class='ocrx_word' id='word_1_256' title='bbox 1120 2965 1121 2970; x_wconf 73' lang='grc'>,</span> 
     </span>
    </p>
   </div>
   <div class='ocr_carea' id='block_1_12' title="bbox 137 2983 1121 3059">
    <p class='ocr_par' dir='ltr' id='par_1_13' title="bbox 137 2983 1121 3059">
     <span class='ocr_line' id='line_1_36' title="bbox 137 2983 1121 3059; baseline 0.005 -17"><span class='ocrx_word' id='word_1_257' title='bbox 137 2983 323 3056; x_wconf 87' lang='lat' dir='ltr'>cumspicere.</span> <span class='ocrx_word' id='word_1_258' title='bbox 364 2985 479 3058; x_wconf 83' lang='lat' dir='ltr'>Septem</span> <span class='ocrx_word' id='word_1_259' title='bbox 492 2985 618 3058; x_wconf 84' lang='lat' dir='ltr'>legiones</span> <span class='ocrx_word' id='word_1_260' title='bbox 632 2986 736 3054; x_wconf 85' lang='lat' dir='ltr'>statim,</span> <span class='ocrx_word' id='word_1_261' title='bbox 747 2992 776 3043; x_wconf 92' lang='lat' dir='ltr'>et</span> <span class='ocrx_word' id='word_1_262' title='bbox 788 3003 853 3044; x_wconf 87' lang='lat' dir='ltr'>cum</span> <span class='ocrx_word' id='word_1_263' title='bbox 866 2986 1028 3059; x_wconf 84' lang='lat' dir='ltr'>ingentibus</span> <span class='ocrx_word' id='word_1_264' title='bbox 1120 3003 1121 3012; x_wconf 59' lang='lat'>¹</span> 
     </span>
    </p>
   </div>
   <div class='ocr_carea' id='block_1_13' title="bbox 69 3059 1028 3380">
    <p class='ocr_par' dir='ltr' id='par_1_14' title="bbox 69 3059 1028 3380">
     <span class='ocr_line' id='line_1_37' title="bbox 69 3059 1028 3137; baseline 0.003 -20"><span class='ocrx_word' id='word_1_265' title='bbox 69 3079 76 3095; x_wconf 75' lang='lat'><strong><em>¹</em></strong></span> <span class='ocrx_word' id='word_1_266' title='bbox 100 3079 103 3090; x_wconf 74' lang='lat'><strong><em>¹</em></strong></span> <span class='ocrx_word' id='word_1_267' title='bbox 136 3059 244 3118; x_wconf 80' lang='lat' dir='ltr'>auxiliis</span> <span class='ocrx_word' id='word_1_268' title='bbox 254 3059 495 3136; x_wconf 86' lang='lat' dir='ltr'>SyriaJudaeaque</span> <span class='ocrx_word' id='word_1_269' title='bbox 505 3083 512 3116; x_wconf 75' lang='grc' dir='ltr'><strong><em>ε</em></strong></span> <span class='ocrx_word' id='word_1_270' title='bbox 524 3061 589 3117; x_wconf 92' lang='lat' dir='ltr'>inde</span> <span class='ocrx_word' id='word_1_271' title='bbox 600 3062 731 3118; x_wconf 85' lang='lat' dir='ltr'>continua</span> <span class='ocrx_word' id='word_1_272' title='bbox 743 3062 1028 3137; x_wconf 81' lang='lat' dir='ltr'>AEgyptus,duaeque</span> 
     </span>
     <span class='ocr_line' id='line_1_38' title="bbox 135 3135 1027 3213; baseline 0.002 -19"><span class='ocrx_word' id='word_1_273' title='bbox 135 3137 281 3212; x_wconf 81' lang='lat' dir='ltr'>legiones:</span> <span class='ocrx_word' id='word_1_274' title='bbox 304 3136 368 3194; x_wconf 90' lang='lat' dir='ltr'>hinc</span> <span class='ocrx_word' id='word_1_275' title='bbox 383 3135 562 3212; x_wconf 74' lang='lat' dir='ltr'>Cappadocia</span> <span class='ocrx_word' id='word_1_276' title='bbox 576 3137 753 3213; x_wconf 82' lang='lat' dir='ltr'>Pontusque,</span> <span class='ocrx_word' id='word_1_277' title='bbox 775 3145 804 3196; x_wconf 89' lang='lat' dir='ltr'>et</span> <span class='ocrx_word' id='word_1_278' title='bbox 817 3139 953 3212; x_wconf 90' lang='lat' dir='ltr'>quidquid</span> <span class='ocrx_word' id='word_1_279' title='bbox 967 3157 1027 3196; x_wconf 86' lang='lat' dir='ltr'>cns·</span> 
     </span>
     <span class='ocr_line' id='line_1_39' title="bbox 135 3213 1027 3289; baseline 0.001 -17"><span class='ocrx_word' id='word_1_280' title='bbox 135 3220 243 3276; x_wconf 82' lang='lat' dir='ltr'>trorum</span> <span class='ocrx_word' id='word_1_281' title='bbox 250 3213 389 3271; x_wconf 83' lang='lat' dir='ltr'>Armeniis</span> <span class='ocrx_word' id='word_1_282' title='bbox 397 3214 590 3288; x_wconf 79' lang='lat' dir='ltr'>praetenditur.</span> <span class='ocrx_word' id='word_1_283' title='bbox 613 3214 688 3282; x_wconf 82' lang='lat' dir='ltr'>Asia,</span> <span class='ocrx_word' id='word_1_284' title='bbox 702 3222 731 3272; x_wconf 90' lang='lat' dir='ltr'>et</span> <span class='ocrx_word' id='word_1_285' title='bbox 741 3221 846 3272; x_wconf 85' lang='lat' dir='ltr'>ceterae</span> <span class='ocrx_word' id='word_1_286' title='bbox 859 3215 1027 3289; x_wconf 72' lang='lat' dir='ltr'>provincias,</span> 
     </span>
     <span class='ocr_line' id='line_1_40' title="bbox 136 3288 1027 3380; baseline -0.007 -24"><span class='ocrx_word' id='word_1_287' title='bbox 136 3309 188 3356; x_wconf 75' lang='lat' dir='ltr'>uec</span> <span class='ocrx_word' id='word_1_288' title='bbox 201 3291 329 3351; x_wconf 80' lang='lat' dir='ltr'>virorum</span> <span class='ocrx_word' id='word_1_289' title='bbox 340 3290 454 3364; x_wconf 73' lang='lat' dir='ltr'>inopes,</span> <span class='ocrx_word' id='word_1_290' title='bbox 468 3297 498 3348; x_wconf 89' lang='lat' dir='ltr'>et</span> <span class='ocrx_word' id='word_1_291' title='bbox 510 3288 639 3380; x_wconf 81' lang='lat' dir='ltr'>pecuniae</span> <span class='ocrx_word' id='word_1_292' title='bbox 657 3292 815 3368; x_wconf 74' lang='lat' dir='ltr'>opulente:</span> <span class='ocrx_word' id='word_1_293' title='bbox 839 3299 974 3367; x_wconf 82' lang='lat' dir='ltr'>quantuni</span> <span class='ocrx_word' id='word_1_294' title='bbox 985 3291 1027 3350; x_wconf 85' lang='lat' dir='ltr'>in-</span> 
     </span>
    </p>
   </div>
   <div class='ocr_carea' id='block_1_14' title="bbox 133 3411 1031 3652">
    <p class='ocr_par' dir='ltr' id='par_1_15' title="bbox 133 3411 1118 3660">
     <span class='ocr_line' id='line_1_41' title="bbox 133 3411 1029 3522; baseline 0.006 -28"><span class='ocrx_word' id='word_1_295' title='bbox 133 3411 159 3522; x_wconf 33' lang='lat' dir='ltr'>d..</span> <span class='ocrx_word' id='word_1_296' title='bbox 173 3446 187 3490; x_wconf 85' lang='lat' dir='ltr'>l</span> <span class='ocrx_word' id='word_1_297' title='bbox 207 3443 302 3510; x_wconf 71' lang='lat' dir='ltr'>Aptior</span> <span class='ocrx_word' id='word_1_298' title='bbox 311 3460 436 3510; x_wconf 71' lang='lat' dir='ltr'>mnae,</span> <span class='ocrx_word' id='word_1_299' title='bbox 454 3444 594 3513; x_wconf 64' lang='lat' dir='ltr'>dispositu,</span> <span class='ocrx_word' id='word_1_300' title='bbox 607 3444 778 3516; x_wconf 79' lang='lat' dir='ltr'>prouiauquc,</span> <span class='ocrx_word' id='word_1_301' title='bbox 789 3449 807 3500; x_wconf 89' lang='lat' dir='ltr'>i.</span> <span class='ocrx_word' id='word_1_302' title='bbox 820 3463 844 3498; x_wconf 83' lang='lat' dir='ltr'>a.</span> <span class='ocrx_word' id='word_1_303' title='bbox 856 3446 969 3499; x_wconf 88' lang='lat' dir='ltr'>dicendi</span> <span class='ocrx_word' id='word_1_304' title='bbox 980 3463 1029 3514; x_wconf 89' lang='lat' dir='ltr'>pe-</span> 
     </span>
     <span class='ocr_line' id='line_1_42' title="bbox 135 3511 1031 3590; baseline 0.007 -28"><span class='ocrx_word' id='word_1_305' title='bbox 135 3520 224 3573; x_wconf 76' lang='lat' dir='ltr'>autior,</span> <span class='ocrx_word' id='word_1_306' title='bbox 235 3511 387 3590; x_wconf 76' lang='lat' dir='ltr'>elegantior</span> <span class='ocrx_word' id='word_1_307' title='bbox 398 3514 427 3565; x_wconf 88' lang='lat' dir='ltr'>in</span> <span class='ocrx_word' id='word_1_308' title='bbox 433 3514 612 3579; x_wconf 86' lang='lat' dir='ltr'>dispositione</span> <span class='ocrx_word' id='word_1_309' title='bbox 619 3525 646 3567; x_wconf 86' lang='lat' dir='ltr'>et</span> <span class='ocrx_word' id='word_1_310' title='bbox 653 3516 750 3568; x_wconf 88' lang='lat' dir='ltr'>ordine</span> <span class='ocrx_word' id='word_1_311' title='bbox 757 3517 880 3568; x_wconf 88' lang='lat' dir='ltr'>omnium</span> <span class='ocrx_word' id='word_1_312' title='bbox 892 3532 953 3586; x_wconf 84' lang='lat' dir='ltr'>quae</span> <span class='ocrx_word' id='word_1_313' title='bbox 963 3531 1031 3584; x_wconf 79' lang='lat' dir='ltr'>nge-</span> 
     </span>
     <span class='ocr_line' id='line_1_43' title="bbox 139 3581 1030 3652; baseline 0.008 -20"><span class='ocrx_word' id='word_1_314' title='bbox 139 3586 191 3650; x_wconf 69' lang='lat' dir='ltr'>ret,</span> <span class='ocrx_word' id='word_1_315' title='bbox 199 3592 289 3648; x_wconf 75' lang='lat' dir='ltr'>magis</span> <span class='ocrx_word' id='word_1_316' title='bbox 300 3581 431 3647; x_wconf 81' lang='lat' dir='ltr'>prouidus</span> <span class='ocrx_word' id='word_1_317' title='bbox 442 3591 470 3635; x_wconf 92' lang='lat' dir='ltr'>et</span> <span class='ocrx_word' id='word_1_318' title='bbox 482 3581 590 3639; x_wconf 87' lang='lat' dir='ltr'>divinus</span> <span class='ocrx_word' id='word_1_319' title='bbox 600 3598 634 3638; x_wconf 82' lang='lat' dir='ltr'>ac</span> <span class='ocrx_word' id='word_1_320' title='bbox 643 3585 796 3652; x_wconf 75' lang='lat' dir='ltr'>pensitmor</span> <span class='ocrx_word' id='word_1_321' title='bbox 805 3583 900 3642; x_wconf 85' lang='lat' dir='ltr'>futuri.</span> <span class='ocrx_word' id='word_1_322' title='bbox 938 3583 1030 3640; x_wconf 80' lang='lat' dir='ltr'>Gron.</span> 
     </span>
    </p>
   </div>
   <div class='ocr_carea' id='block_1_15' title="bbox 0 0 1132 3958">
    <p class='ocr_par' dir='ltr' id='par_1_16' title="bbox 0 0 1132 3958">
     <span class='ocr_line' id='line_1_44' title="bbox 0 0 1132 3958; baseline 0 0"><span class='ocrx_word' id='word_1_323' title='bbox 0 0 1132 3958; x_wconf 95' lang='lat' dir='ltr'> </span> 
     </span>
    </p>
   </div>
  </div>
 </body>
</html>
