2214 3986
30 257 101 309 ,s
114 239 194 332 am
297 245 453 321 maroa
472 247 544 306 nra.
563 247 741 309 ruamus⁴
917 251 969 315 ue

77 390 137 482 Per
157 393 274 452 limitem
300 395 355 454 vie
381 404 559 472 sparguntur,
579 399 762 458 consectandi
780 380 967 480 summoue,

74 477 210 528 victores.
251 470 296 529 Εὖ
322 473 471 532 notabilior
493 475 586 535 cedes
606 473 674 546 fuit,
710 476 843 536 uiafilius
856 487 967 554 patrem

72 545 227 606 interfecit.
268 547 341 606 Rem
357 552 541 626 nemusque,
562 561 679 612 auctore
726 554 847 629 ipstuuio
860 555 967 618 Meam

72 623 252 713 munim·
291 625 383 686 Julius
409 627 583 698 Mansuetus,
616 649 652 688 ex
679 631 825 706 Hispania,
860 633 965 710 Rapaci

72 701 179 775 legium
202 702 319 772 additus,
345 705 488 781 impudem
511 705 599 764 filium
608 708 683 768 domi
700 709 840 785 liquerat:
862 711 965 770 umor
1024 749 1028 754 -

71 777 195 847 adultus,
221 780 296 839 inter
318 783 515 856 septimanosa
533 783 624 842 Galba
636 787 822 862 conscriptus,
842 789 967 852 oblatum

70 852 147 912 sorte
157 864 277 931 patrem,
291 865 321 915 et
332 861 453 916 vulnere
466 866 594 928 stratum,
607 861 673 918 dum
685 863 875 922 semianimem
884 885 964 928 scru-

68 937 159 1002 tatur,
183 935 300 1008 agnitus,
324 952 547 1012 agnoscensque,
570 944 787 1014 ,etlexsauguem
808 944 953 1017 amplexus

67 1028 149 1068 voce
161 1009 253 1068 flebili
276 1013 446 1086 precabatur
459 1014 601 1089 ‘placatos
614 1016 700 1089 patris
712 1018 830 1086 manes,¹
844 991 965 1082 nevese’

67 1094 132 1145 ‘ut
154 1087 326 1162 parricidam
348 1099 565 1160 aversarentur:
588 1087 731 1164 publicum
750 1094 778 1149 id
790 1093 914 1170 facinus:
935 1109 965 1160 et

65 1163 188 1220 ‘unum
212 1163 330 1222 militem
355 1173 467 1240 quotam
499 1165 624 1222 civilium
660 1185 800 1226 armorum
824 1177 963 1244 parteml’

65 1241 165 1320 Simul
187 1241 320 1298 attollere
340 1260 392 1300 cor
412 1259 454 1311 us,
475 1243 589 1318 aperire
616 1244 741 1312 humum,
754 1261 887 1320 supremo
900 1269 966 1326 erga

65 1324 224 1394 parentem
256 1317 349 1376 officio
382 1261 469 1394 ffugi.
511 1320 670 1378 Advertere
705 1320 837 1395 proximi,
853 1325 966 1386 'deinde

66 1397 190 1472 plures:
213 1395 280 1453 hinc
303 1413 357 1470 per
377 1414 489 1454 omnem
502 1397 594 1454 aciem
606 1398 784 1468 miraculum,
798 1407 828 1456 et
840 1410 955 1479 questos

68 1480 100 1532 et
124 1472 272 1530 saevissimi
284 1474 353 1530 belli
379 1475 557 1532 exsecratio:
579 1493 633 1532 uec
659 1479 695 1532 eb
717 1476 830 1550 segnitia
849 1455 965 1554 propius

68 1567 171 1686 {¹2¹5}
180 1549 762 1706 pppplpppmqupceiquttquceidatofflspoliant:
783 1553 889 1613 lactum
901 1575 966 1616 esse

335 1670 343 1695 ,
481 1650 528 1687 u.

111 1703 223 1761 XXVI.
253 1703 293 1762 Ut
315 1703 485 1764 Cremonam
512 1709 760 1775 veneraremur
784 1711 984 1772 immensum·

491 1879 537 1917 cas
551 1879 583 1916 ra
602 1879 662 1930 sna,
683 1881 729 1918 cns
767 1882 781 1920 e
848 1883 963 1924 umcrr-

71 1937 266 2012 cumjecerat;
288 1954 379 2012 eaque
392 1937 562 1994 munimenta
577 1955 674 1994 mrsus
688 1947 821 2010 auxerat:
843 1952 965 2016 quorum

71 2020 191 2090 aspectu
204 2014 316 2072 haesere
330 2013 464 2082 victuras,
478 2014 593 2072 incertis
603 2014 731 2081 ducibus,
745 2015 812 2089 quid
817 2017 964 2091 juberent.

72 2091 207 2166 Incipere
221 2091 466 2166 oppugnationem,
488 2090 562 2148 fesso
580 2109 635 2165 per
646 2091 723 2147 diem
736 2099 904 2167 noctemque
915 2112 964 2151 ex·

72 2167 177 2237 ercitu,
191 2169 317 2237 arduum
332 2176 361 2226 et
374 2168 451 2226 nullo
459 2168 542 2244 juxti
557 2167 692 2236 subsidio,
706 2186 840 2244 accepero
850 2169 894 2228 siu
908 2169 964 2230 Be·

71 2246 200 2304 briacum
222 2246 360 2315 redirent,
386 2246 576 2304 intolerandus
590 2252 645 2302 tmn
658 2245 735 2320 longi
753 2245 862 2305 itineris
872 2249 962 2319 labor,

72 2330 101 2383 et
114 2323 235 2382 victoria
257 2324 291 2380 sd
311 2323 425 2382 inritum
445 2325 663 2382 revolvebatur:
684 2324 914 2399 munirecastrm
935 2321 966 2385 id

73 2419 187 2477 quoque
200 2401 366 2477 propinquis
378 2401 504 2460 hostibus
521 2401 745 2470 formidolosum,
759 2421 795 2460 ne
808 2405 964 2480 dispersos,
984 2431 987 2446 ·

73 2485 103 2537 et
128 2497 201 2554 opus
226 2478 373 2536 molientes
398 2479 489 2538 subita
515 2481 665 2555 eruptione
691 2482 848 2538 turbarent.
873 2482 988 2549 -tlasaox

72 2573 162 2632 super
182 2563 293 2624 cuncta,
318 2557 446 2614 terrebat
468 2557 595 2630 ipsorum
616 2556 710 2622 miles,
733 2556 855 2629 periculi
881 2557 965 2629 quim

73 2651 161 2692 mora:
175 2633 346 2708 patientior:
368 2632 482 2705 Quippe
504 2633 624 2703 ingrata,
647 2649 711 2703 quse
724 2637 804 2700 tuta:
826 2649 863 2686 ex
876 2639 964 2688 teme·

73 2710 156 2768 ritate
176 2729 260 2786 spes:
283 2709 430 2784 omnisque
453 2706 558 2775 cades,
581 2713 610 2763 et
635 2705 765 2784 vulnera,
790 2712 821 2762 et
844 2707 966 2782 sanguis,

59 2787 206 2865 ,ariditate
217 2788 325 2864 prmdae'
336 2785 534 2862 pensabuntur.

49 2907 54 2934 ‚-
111 2863 236 2922 XXVll.
270 2864 345 2922 1Huc
368 2860 512 2920 inclinavit
532 2848 679 2928 latonius,
705 2859 835 2934 cingique
860 2863 968 2922 vallum

50 2941 213 3014 '‘comui'
222 2943 325 3019 jiusit:
347 2941 441 3017 primo
460 2938 565 3012 sagittis
588 2936 718 3015 saxisque
744 2937 852 3000 eminus
875 2946 965 2998 certa-

111 3146 304 3204 lPrecubotur
341 3147 441 3201 locutor
457 3143 547 3216 patria
567 3134 666 3210 moues'.
702 3141 765 3197 Hoc
788 3141 840 3212 esi,
862 3151 895 3196 ut
914 3142 967 3200 sibi
1036 3125 1046 3150 ‘

73 3217 176 3286 placati
188 3228 290 3274 essene
319 3163 372 3274 {ta
382 3217 496 3269 codices
508 3225 536 3267 at
547 3214 615 3267 editi
627 3223 692 3266 aute
705 3213 841 3282 Lipsium,
854 3212 902 3280 qui
919 3213 966 3268 tlo-

76 3288 115 3344 :ut
121 3287 224 3360 pimus
259 3286 401 3346 fleumata
414 3298 562 3354 precemur
580 3299 686 3347 manes,
699 3279 929 3351 disceptaremini.
942 3299 967 3341 o.

77 3373 132 3413 uon
143 3359 250 3414 matos:
268 3366 297 3416 at
304 3355 377 3426 picti
389 3355 461 3410 fiunt
469 3369 566 3407 manes
579 3353 650 3406 rotis
660 3363 688 3406 ct
697 3351 854 3407 sacrificiis.

109 3427 246 3483 Mistea
255 3425 409 3480 boemios.
446 3424 480 3476 In
492 3423 568 3476 Flur.
580 3433 608 3475 et
631 3422 721 3491 Regio
745 3424 875 3479 scribitur
886 3422 968 3478 barri·-

77 3493 142 3556 dab‘.
178 3496 299 3552 Under.
322 3495 662 3550 Gronoviovidcturesse
683 3493 843 3561 legendum,
867 3492 968 3549 fratres
1078 3533 1081 3538 .

78 3565 226 3637 trucident,
237 3565 367 3638 spolient,
380 3565 435 3620 &a
448 3563 523 3632 qaod
534 3577 633 3617 verum
642 3560 759 3638 ridetur.
808 3616 813 3628 ,
