2214 3986
153 339 205 400 16]
421 338 455 396 Ο.
474 337 587 394 CORN.
607 335 744 395 raom
861 358 888 396 i.
900 357 929 396 u.
941 357 966 396 u.
978 340 1040 398 822.

151 479 224 540 tmu¹
243 479 345 550 animo,
365 477 481 536 exitium
499 477 635 547 Valentis,
658 486 690 536 ut
711 478 798 536 finem
819 478 900 547 belli,
920 483 1037 558 accepit.

152 559 243 618 Natus
266 565 327 616 erat
349 555 454 618 Valens
474 555 618 629 Anagniae,
641 557 769 630 equestri
791 553 914 614 familizt:
937 575 1040 632 procax

151 637 288 704 moribus,
313 651 406 709 neque
440 633 575 689 absurdus
601 632 724 705 ingenio,
747 632 846 690 famam
875 635 1038 693 urbanitatis

152 711 360 788 perlasciviam
372 716 493 785 petere:
515 709 624 766 ludicro
637 707 654 762 J
657 711 819 768 uvennlium
838 711 891 766 surb
912 711 1038 784 Nerone,

151 793 231 848 velut
242 809 279 847 ex
301 787 478 856 necessitate,
492 805 558 844 mox
580 794 681 861 sponte
703 787 802 844 mimos
821 788 957 857 actitavit,
971 792 1039 848 scite

151 868 248 940 magis,
262 866 346 942 quam
367 865 466 940 probe.
507 863 627 937 Legatus
649 864 778 936 legionis,
800 873 829 922 et
848 863 921 922 fovit
941 866 1038 942 Vergi-

151 944 278 1012 nium,et
298 942 449 1000 infamavit.
490 941 639 998 Fonteium
663 941 845 1016 Capitonem²
865 951 1037 1018 corruptum,

151 1038 202 1078 seu
223 1021 290 1095 quia
311 1036 497 1093 corrumpere
521 1018 699 1092 nequiuerat,
720 1018 890 1076 interfeceit.
943 1021 1039 1079 Galba

151 1097 289 1174 proditor,
303 1096 419 1154 Vitellio
432 1095 514 1164 fidus,
529 1103 557 1152 et
568 1097 686 1152 aliorum
700 1096 819 1170 perfidia
832 1097 1007 1159 inlustratus.

190 1175 297 1232 LXIII.
347 1173 475 1248 Abrupta
507 1173 630 1248 undique
663 1191 733 1247 spe,
752 1173 920 1231 Vitellianus
951 1176 1040 1244 miles,

151 1254 317 1311 transiturus
339 1251 369 1308 in
391 1259 496 1325 partes,
522 1249 549 1306 id
576 1267 689 1325 quoque
715 1269 770 1306 non
790 1251 851 1308 sine
873 1251 1041 1322 dedecore,3

152 1331 203 1387 sed
223 1333 275 1388 sub
296 1330 379 1404 signis
392 1327 560 1402 vexillisque
574 1328 603 1383 in
624 1327 764 1402 subjectos
789 1327 904 1384 Narniae
928 1347 1040 1405 campos

152 1406 336 1466 descendere.
377 1405 530 1462 Flavianus·
539 1405 691 1474 exercitae,
706 1411 736 1462 ut
745 1405 780 1460 ad
792 1406 937 1479 proelium,
951 1407 1040 1464 inteu-

152 1489 196 1542 tus
217 1481 421 1556 armatusque,⁴
432 1482 525 1538 densis
544 1482 620 1538 circa
632 1481 705 1538 viam
719 1482 873 1554 ordinibus,
885 1485 1039 1543 adstiterat.

151 1561 270 1636 Accepti
293 1561 322 1616 in
342 1559 464 1616 medium
483 1557 648 1614 Vitelliani:
671 1559 1042 1630 et⁴circumdatos,PrImus

151 1637 288 1694 Antonius
313 1639 471 1694 clamentur
494 1636 673 1710 adloquitur:
709 1646 795 1712 ‘pars
822 1637 951 1707 Narniae,
978 1658 1042 1713 pars

151 1714 353 1788 ‘'luteramnae'
378 1712 531 1770 subsistere
549 1713 640 1786 jussi:
663 1714 770 1772 relictae
791 1714 874 1771 slmul
887 1733 905 1771 e
920 1716 1043 1788 victrici-

149 1789 203 1848 bus
224 1792 360 1865 legiones,
381 1785 478 1864 nequd
502 1790 711 1864 quiescentibus
731 1789 842 1864 graves,
856 1799 886 1848 et
907 1793 1045 1852 adversus

151 1869 353 1926 contumaciam
371 1867 480 1924 validm.
508 1866 588 1924 ,Nou
598 1868 720 1924 omisere
735 1887 789 1943 per
798 1888 847 1926 eos
858 1870 920 1925 dies
932 1869 1044 1928 Primus

151 1962 184 2002 ac
198 1945 292 2002 Varus
315 1946 424 2002 crebris
445 1944 548 2001 nuntiis
572 1953 580 1978 ⁶
596 1945 724 2013 salutem,
738 1952 767 2001 et
780 1947 941 2020 pecuniam,
957 1956 1043 2004 etse·

28 2054 31 2061 ι
133 2030 159 2098 „‘
175 2029 254 2078 creta
275 2019 467 2092 Campania}
491 2020 749 2086 stfffflfl---thflllll’s
773 2021 797 2076 Si
823 2023 921 2091 ΡΟΞίῐὶε
948 2025 1043 2094 Μ]ὶῆ

152 2103 264 2170 ‘seque
289 2115 321 2154 ac
347 2095 453 2151 liberos
479 2109 544 2148 suos
570 2089 970 2167 VespasIano'permisisset.’
1012 2101 1042 2156 ln

116 2188 125 2200 ·’
152 2171 282 2228 eumdem
313 2169 426 2226 modum
458 2174 487 2224 et
514 2166 661 2224 Mucianus
693 2171 851 2243 composuit
884 2173 1040 2244 epistolas:

152 2249 252 2321 quibus
266 2247 436 2320 plerumque
457 2242 547 2300 fidere
566 2243 708 2313 Vitellius,
723 2265 754 2302 ac
777 2245 832 2301 ‘de
847 2265 968 2304 numero
981 2267 1040 2306 ser·

153 2331 161 2358 ⁶
176 2341 286 2388 vorum,
298 2321 438 2378 electione
449 2320 583 2376 littorum’
598 2321 685 2395 loqui.
727 2321 818 2378 Tanta
828 2323 951 2399 torpedo
964 2325 1040 2381 inva-

152 2405 229 2462 serat
249 2396 381 2463 smmum,
394 2402 436 2462 ut,
449 2396 474 2450 si
490 2395 653 2470 Principem
676 2416 741 2457 eum
763 2397 851 2457 fusse
874 2401 967 2458 ceteri
988 2420 1042 2458 nou

152 2473 352 2540 meminissent,
366 2473 428 2547 ipse
442 2472 669 2546 obliuisceretur.

190 2549 294 2609 LXIV.
334 2550 529 2625 AtprImores,
542 2551 672 2621 civitatis,
686 2553 814 2610 Flavium
824 2553 957 2621 Sabinum
968 2574 1040 2631 pre·

120 2629 128 2642 ’
153 2629 258 2689 fectum
283 2629 372 2697 urbis,
399 2629 517 2686 secretis
543 2630 720 2688 sermonibus
744 2631 905 2700 incitabant,
930 2634 1041 2690 ‘victo-

187 2781 340 2840 llmmonc
363 2790 500 2854 quantum.
548 2784 713 2847 Graecorum
742 2802 829 2850 more,
850 2803 901 2855 pro
919 2783 1042 2840 'summo

154 2872 246 2924 opere,
258 2856 360 2908 mirum
380 2856 409 2907 in
427 2855 551 2908 modum.
588 2855 635 2907 Sic
654 2855 796 2920 Horatiae,
808 2855 871 2909 uino
886 2861 911 2909 ct
926 2853 1042 2910 lucernt's

153 2926 251 2980 Medus
262 2924 508 2978 amaoceslmmoue
519 2927 645 2992 qnantum
659 2923 742 2976 disere
762 2931 798 2984 ot,
880 2959 882 2962 -

186 2994 205 3048 2
223 2991 363 3047 Fonteium
376 2991 705 3070 Capitonem-dntmsecit.
770 3033 776 3045 .
795 2993 833 3046 H.
852 2995 876 3059 1,
894 2993 920 3048 7.

188 3062 207 3115 3
223 3063 256 3116 Id
267 3077 367 3132 quoquc
379 3077 434 3114 non
445 3059 503 3114 sinc
516 3062 643 3115 dedecore.
680 3063 889 3134 Supplefccere,
902 3063 978 3132 quod
990 3063 1042 3116 sci-

153 3129 219 3185 licet
230 3133 267 3185 ub
279 3131 365 3200 algais
377 3131 541 3199 vexillisque
553 3148 722 3198 processere.

189 3199 207 3252 4
229 3201 263 3254 Ul
282 3202 319 3258 ad
333 3199 465 3271 prolium,
484 3201 603 3253 intentus
622 3206 802 3271 amansque,
837 3200 883 3254 Ita
899 3199 996 3268 scripti
1016 3209 1043 3251 et

151 3269 222 3324 editi
242 3280 358 3334 veteres,
370 3279 470 3339 preter
489 3269 564 3324 Flor.
583 3280 611 3324 et
627 3268 795 3334 Budensem,
809 3269 856 3338 qui
868 3271 994 3322 scribunt
1003 3285 1042 3320 or·

155 3344 294 3406 emurque.
330 3339 364 3391 ld
376 3339 481 3406 recepit
499 3337 637 3390 Picbene:
656 3339 709 3392 sed·
724 3344 848 3392 ornatum
866 3340 923 3392 dici
940 3336 1042 3405 simpli-

156 3405 226 3456 citer
237 3409 271 3458 de
285 3423 327 3471 eo,
340 3408 386 3473 qui
404 3407 488 3459 armis
500 3407 656 3460 instruetus'
665 3410 711 3473 sit,
720 3419 806 3475 negat
818 3407 965 3473 Ernestus.
1047 3443 1049 3448 ·

192 3471 328 3524 bsecrctu
349 3473 510 3541 Campania.
546 3475 686 3542 Regiones
706 3477 800 3548 paullo
820 3477 995 3541 remotiores,
1016 3481 1045 3526 et

157 3545 284 3589 secessus
294 3541 450 3596 maritimos·
459 3542 628 3610 campanie.
