2252 3958
135 297 170 352 16
262 290 279 325 ⁴
400 297 433 352 0.
451 295 566 354 GORN.
585 292 721 352 usum
824 311 854 352 Δ.
872 309 902 353 u.
921 309 947 354 c.
965 297 1028 362 m.
1113 337 1114 340 η

136 453 143 479 ‘
159 463 212 504 nec
225 461 290 504 mea
301 449 433 504 senectus
447 444 580 504 conserte
589 445 654 520 plus
667 444 774 521 populo
784 442 914 508 Romano
927 447 1027 520 possit,

135 527 144 555 ‘
159 525 243 599 quim
252 524 357 583 bonum
365 541 560 582 successorem
572 545 580 593 3
596 540 649 581 nec
662 533 712 580 tua
724 522 923 596 plnsjuventa,
943 525 1028 600 quim

136 607 142 632 ‘
158 603 263 660 bonum
276 599 448 676 Principem,
490 601 548 660 Sub
562 600 695 668 Tiberio,
717 605 747 656 et
759 597 842 668 Caio,
856 607 886 658 et
896 600 1029 671 Claudio,

135 678 240 736 ‘unius
264 676 380 734 sarniliae
407 677 486 754 quasi
507 677 650 738 hereditas
664 676 787 743 fuimus:
810 678 876 736 loco
889 679 1029 737 libertatis

136 760 143 788 ‘
160 756 224 824 erit,
247 753 322 830 quod
335 755 401 830 eligi
411 755 558 832 coepimus.
600 755 637 812 Et
649 754 726 812 finiit
739 753 880 814 Juliorum
894 754 1028 824 Claudio·
1114 799 1115 810 ,

136 839 144 865 ‘
159 851 279 908 rumque
290 831 528 909 domc,optimum
534 849 676 910 quemque
685 832 797 907 adoptio
806 833 941 892 inveniet.
954 833 1030 892 Nam

136 916 144 942 ‘
159 909 301 984 generari,
322 911 446 972 etrusci
460 929 476 966 a
497 909 688 986 Principibus,
701 908 857 976 fortuitum,
877 929 932 969 nec
954 912 1029 969 utiba
1114 937 1115 990 ᾗ

137 995 143 1018 ‘
160 988 333 1060 aestimatum
356 989 505 1064 adoptandi
513 987 653 1064 judicium
673 988 814 1062 integrum
824 987 845 1044 :¹
862 997 901 1056 et,
924 988 1030 1046 sivelis
1114 999 1115 1054 ἕ

136 1065 278 1140 ‘eligere
305 1084 445 1124 consensu
471 1073 650 1128 monstratur.
693 1065 734 1124 Sit
748 1071 812 1122 ante
826 1067 924 1123 oculos
937 1065 1030 1128 Nero,
1113 1063 1115 1102 i

137 1149 143 1174 ‘
160 1162 254 1220 quern,
269 1143 352 1218 longi
373 1141 522 1202 Caesarum
534 1144 611 1202 serie
624 1150 793 1212 tumentem,
811 1161 869 1202 non
891 1142 1031 1213 Vindex?

136 1227 223 1280 ‘cum
240 1221 342 1279 inermi
365 1221 524 1298 provincii,
545 1228 670 1296 cetego,
685 1239 750 1280 cum
762 1222 818 1278 unt
829 1221 953 1295 legione,
979 1221 1032 1279 sesi

135 1305 142 1331 ‘
158 1318 209 1358 sua
218 1300 443 1368 immanitas,sua
451 1300 564 1359 luxuria
571 1299 732 1358 cervicibus
741 1299 862 1376 publicis
869 1300 1009 1375 depulere
1020 1321 1045 1357 :-

135 1385 142 1408 ‘
158 1396 252 1452 neque
261 1384 325 1434 erat
340 1377 432 1434 adhuc
445 1377 567 1438 damnati
581 1375 721 1453 Principis
741 1378 929 1452 exempturus
968 1376 1032 1436 Nos

135 1453 246 1528 ‘'belip,
261 1461 290 1511 et
303 1457 338 1510 ab
352 1454 553 1514 estimantibus
565 1454 673 1523 adsciti,
687 1473 751 1512 cum
764 1455 879 1524 innuis,
894 1473 977 1531 quam
987 1456 1032 1515 vis
1106 1461 1111 1476 '

135 1537 143 1563 ‘
159 1531 276 1605 egregii,
290 1531 407 1591 erimus.
434 1530 494 1588 ‘Ne
508 1538 603 1590 umen
615 1533 730 1592 territus
753 1531 855 1602 fueris,
874 1533 898 1590 si
911 1533 975 1592 duee
988 1534 1032 1592 le·

136 1615 143 1641 ‘
158 1609 268 1682 gisnes,
294 1609 323 1667 in
337 1611 392 1668 boc
405 1610 534 1668 concussi
548 1611 625 1668 orbis
638 1618 727 1680 motu,
737 1610 860 1668 nondum
871 1611 1031 1688 quiescunt.

104 1723 108 1728 -
136 1693 143 1718 ‘
157 1685 203 1744 Ne
213 1687 276 1764 ipse
290 1685 405 1764 quidem
414 1687 450 1744 ad
462 1704 577 1746 securas
591 1707 638 1746 res
649 1688 773 1748 accessi:
796 1702 825 1746 et
838 1688 931 1746 auditu
944 1689 1033 1764 adop·

136 1764 248 1828 ‘tione
275 1767 404 1824 desinam
428 1764 521 1824 videri
546 1785 646 1836 senex,
670 1767 745 1843 quod
766 1785 840 1824 nunc
863 1767 932 1824 mihi
945 1787 1034 1827 unum

136 1847 143 1874 ‘
160 1841 302 1918 objicitur.
312 1843 1031 1921 Neroapessimoquoquesemperdesiderabiturt

136 1919 224 1978 ‘mihi
236 1940 267 1980 ac
282 1923 334 1982 tibi
344 1922 617 1998 providenduum,
628 1941 665 1982 ne
676 1923 760 1982 etiam
770 1941 787 1978 a
796 1923 1033 1982 bonisdesidcre·
1113 1957 1114 2006 3

137 2005 211 2059 ‘tun
226 1999 347 2060 Monere
356 2001 719 2078 dtutius‚neqnetemporis
730 1999 1033 2078 hujus;etirnpletum
1113 2021 1114 2032 ¹

136 2082 144 2108 ‘
159 2085 202 2136 est
212 2097 296 2138 omne
306 2079 464 2149 consilium,
475 2081 499 2138 si
512 2087 541 2137 te
551 2081 628 2138 bene
638 2079 722 2154 elegi.
764 2079 935 2140 Utilissimus
945 2081 1034 2156 idem,

136 2161 143 2186 ‘
159 2173 191 2214 ac
204 2157 407 2225 brevissimum
416 2160 555 2216 bonarum
577 2157 773 2230 unciarumque
783 2173 881 2212 rerum
893 2157 1032 2222 delectur,

136 2240 143 2268 ‘
159 2235 295 2311 cogitare,
305 2237 372 2309 quid
385 2241 433 2290 ant
445 2233 571 2292 volueris
585 2233 638 2294 sub
651 2233 707 2290 alio
721 2231 866 2308 Principe,
875 2239 921 2290 ant
933 2233 1034 2292 nolue-

137 2318 145 2344 ‘
161 2310 209 2368 ris.
245 2309 348 2386 Neque
363 2310 439 2368 eninr
451 2310 511 2380 bic,
524 2317 556 2375 ut
568 2311 596 2368 in
610 2310 715 2370 ceteris
728 2310 870 2384 gentibus,
885 2329 949 2386 quse
968 2329 1033 2387 reg-

138 2397 145 2422 ‘
161 2393 274 2456 uantur,
289 2394 368 2446 certa
391 2387 570 2456 inimieorum
582 2387 692 2457 domus,
715 2395 745 2446 et
756 2387 848 2446 ceteri
861 2389 939 2448 servi
952 2409 960 2446 ε
981 2391 1034 2450 seu

138 2466 350 2544 ‘imperaturus
376 2483 408 2522 es
434 2466 603 2534 hominibus,
622 2466 670 2541 qui
691 2485 744 2526 uec
767 2472 854 2524 totsum
866 2467 1035 2529 servimen

138 2553 145 2578 ‘
161 2544 219 2620 pati
230 2552 357 2619 possunt,
370 2562 425 2602 nec
435 2543 713 2608 totamlibertatern)
754 2543 792 2602 Et
803 2543 896 2602 Galba
908 2544 1044 2620 quidem„

137 2622 199 2680 haec
216 2642 249 2680 ac
263 2624 338 2691 talia,
365 2629 506 2698 tamquam
533 2621 697 2700 Principem
709 2619 839 2694 facerem
858 2622 949 2681 ceteri
962 2629 1032 2680 tuui-

138 2721 221 2776 quam
234 2720 299 2760 cum
313 2699 387 2760 facto
400 2702 601 2778 loquebantur,

119 2825 128 2883 i
174 2857 189 2906 1
202 2855 498 2926 Adoptundijudioiam
509 2857 654 2926 integrum.
690 2856 824 2910 Liberum
847 2867 889 2910 est
905 2857 935 2910 in
946 2857 1033 2926 adep-

140 2925 225 2978 tando
238 2927 318 2992 sequi
330 2927 476 2994 judiciuin.
509 2927 649 2980 Comenses
669 2931 840 2980 eunuchatur.
877 2925 1036 2996 Eligendus
1111 2993 1112 2998 η

141 2995 218 3047 velut
230 2994 394 3063 designatur
406 2997 597 3051 consentiente
609 2997 644 3050 da
656 2996 703 3050 ilto
715 2998 842 3050 omniunt
850 2997 966 3066 judicio.

175 3062 321 3118 ursione.
351 3064 443 3118 Julius
463 3065 574 3121 Vindex
597 3067 695 3121 Galliae
713 3067 1035 3138 propretorprimusrb

139 3134 431 3190 Neronedesciveret.
937 3163 939 3168 ·

176 3205 337 3262 3Domucti
344 3203 480 3277 principis
492 3208 644 3278 exemplum.
680 3204 824 3260 Neronem
835 3217 951 3263 senatus
966 3207 1033 3262 boa·

141 3286 198 3395 mil
207 3273 930 3416 iiltiliisiivii’uiuiiiiiiiigiuiliiiiiiisissmmiiiuiitems
948 3347 1034 3400 editi·

142 3414 313 3468 recentiores
335 3415 717 3484 meluerunt-utilissimusque
728 3413 799 3469 idom
809 3432 841 3468 oc
853 3414 1034 3478 monemur,

137 3481 210 3556 ¹(quia
220 3482 249 3533 in
260 3481 336 3536 Flos.
348 3487 478 3538 scribitur
488 3483 558 3537 idem
567 3485 646 3540 Inna
655 3485 729 3538 idem
737 3485 836 3548 codex,
845 3495 876 3538 ut
885 3496 915 3538 et
926 3485 1035 3555 Regius
1110 3495 1111 3518 ¹

142 3549 1036 3627 prouenenis-sagnuineneuentinruunutubbuuul

143 3620 380 3684 reetunvtuctur·
846 3679 848 3684 -
