2254 3960
51 377 75 424 n
96 369 124 424 τ’.
142 361 187 426 ot.
366 414 371 428 .
409 361 624 422 liencourt.
678 395 682 399 -

50 511 152 580 tidem,
163 518 209 572 ant
223 511 418 570 obtrectationi
432 512 503 571 fnit:
525 515 598 572 sdeb
611 512 730 572 virtutes
750 513 849 572 iisdem
862 521 970 590 tempo·

53 591 134 648 ribus
159 591 263 665 optime
284 591 465 659 estimantur,
480 592 580 666 quibus
594 591 722 650 facillime
736 591 893 666 gignuntur.
934 594 973 651 At

51 667 125 725 mihi
139 685 225 736 nunc,
238 676 387 724 narraturo
407 669 492 725 vitem
512 667 637 727 defuncti
657 669 787 738 hominis,
801 670 883 726 venii
900 687 970 744 opus

50 743 126 802 fnit:
149 763 231 819 quam
244 763 302 818 non
315 745 459 820 petissem,
473 746 501 802 ni
511 754 674 804 cnrsntnrus
683 755 739 804 tam
749 765 824 804 seva
834 754 863 804 et
873 745 973 804 infeste

52 821 206 883 virtutibus
219 829 359 897 tempora.

94 898 133 954 11.
176 896 318 972 Legimus,
337 900 400 956 cum
421 900 547 956 Aruleno
571 898 688 957 Rustico
710 899 804 958 Paetus
829 900 971 970 Thrasea,

51 972 205 1031 Herennio
219 976 368 1032 Senecioni
383 977 495 1034 Priscus
510 977 659 1036 Helvidius
669 977 771 1034 laudati
782 985 887 1046 essent,
896 978 972 1052 capi-

51 1053 111 1110 tale
124 1049 230 1108 fuisse:
252 1069 347 1126 usqne
367 1053 395 1111 in
409 1054 485 1128 ipsos
500 1054 584 1110 mods
606 1061 746 1122 auctores,
765 1055 815 1111 sed
835 1055 864 1110 in
884 1055 972 1112 libros

53 1145 171 1204 quoque
186 1147 284 1185 eorum
298 1127 437 1196 seritum,
451 1131 580 1205 delegato
593 1129 747 1186 triumviris
761 1129 928 1197 ministerio,
943 1137 974 1187 nt

52 1211 236 1262 monuments
259 1205 477 1262 clarissimorum
497 1208 673 1282 ingeniorum
693 1208 721 1263 in
734 1207 848 1264 comitio
863 1225 895 1263 ac
908 1205 972 1264 foro

52 1289 218 1339 urerentur.
260 1282 387 1353 Scilicet,
408 1283 457 1338 illo
477 1283 541 1354 igne
559 1303 659 1341 vocem
682 1285 779 1358 populi
801 1282 929 1350 Romani,
944 1289 973 1340 et

53 1359 217 1416 libertatem
225 1360 348 1426 senatus,
359 1367 388 1416 et
398 1359 597 1415 conscientiam
607 1361 719 1434 generis
730 1360 844 1418 humani
853 1359 971 1429 aboleri,

54 1437 283 1506 arbitr-abactum
305 1436 431 1510 expulsis
452 1437 568 1509 insuper
588 1437 732 1509 sapientie
754 1436 972 1512 professoribus,

54 1521 139 1588 atque
154 1513 230 1569 omni
250 1515 323 1570 bons
343 1521 404 1570 arte
425 1513 453 1568 in
477 1513 606 1570 exsilium
627 1517 698 1580 actt,
717 1513 834 1591 nequid
856 1529 972 1588 usquam

53 1591 389 1648 honestumoccurreret.
433 1589 568 1647 Dedimus
579 1588 822 1665 profectb'grsnde
831 1591 976 1667 patientiae'

8 1677 9 1682 ’
53 1668 253 1724 documentum
268 1690 274 1724 ε
297 1676 337 1736 et,
351 1667 424 1724 sicut
447 1675 529 1725 vetus
548 1675 615 1724 astas
630 1667 708 1736 sidit,
723 1669 789 1744 quid
804 1665 930 1727 ultimum
944 1669 973 1725 in

52 1745 186 1802 libertate
208 1753 304 1816 esset;
326 1745 363 1801 ita
384 1763 446 1812 nos,
459 1744 526 1820 qnid
546 1745 574 1799 in
596 1744 744 1814 servitute,
767 1747 897 1821 adempto
919 1761 973 1820 per

52 1821 248 1896 inquisitiones
271 1830 300 1879 et
319 1822 453 1896 loquendi
477 1821 663 1894 audiendique
687 1824 869 1879 commercio.-
909 1823 972 1878 Me-

52 1900 171 1958 moriam
185 1914 299 1974 quoque
313 1900 402 1974 ipsam
415 1917 480 1955 cnm
494 1915 566 1954 voce
584 1896 816 1971 perdidissemus,
830 1899 853 1954 si
873 1905 930 1954 tem
943 1898 972 1954 in

52 1977 151 2035 nostri
165 1984 302 2050 potestate
324 1983 400 2033 esset
414 1975 553 2042 oblivisci,
569 1976 651 2048 quim
664 1983 771 2030 tacere.

92 2054 147 2109 ΙΙΙ.
162 2051 246 2111 Nunc
255 2054 367 2110 demum
379 2053 452 2111 redit
463 2053 569 2108 animus
581 2058 620 2118 et,
629 2069 806 2125 quamquam,
817 2049 908 2125 primo
916 2055 971 2107 sta·

52 2131 103 2188 tim
116 2131 270 2187 beatissimi
283 2131 373 2188 seculi
389 2137 463 2197 ortu,
478 2129 576 2186 Nerva
594 2127 693 2184 Cesar
712 2127 827 2183 resolim
840 2127 971 2184 dissocia-

52 2207 126 2265 biles
137 2209 292 2276 miscuerit,
305 2209 493 2284 principatum
507 2217 539 2264 ac
552 2206 723 2273 libertatem,
734 2212 887 2281 augeatque
902 2222 971 2280 qno·

51 2285 120 2343 tidie
134 2283 297 2342 felicitatem
310 2285 422 2359 imperii
437 2283 536 2341 Nerva
547 2281 688 2358 Trajanus
702 2305 710 2353 3
732 2299 786 2340 nec
797 2299 878 2358 spem
887 2282 974 2342 mods

53 2381 87 2418 ac
100 2369 199 2420 votum
212 2364 348 2440 securitas
361 2361 475 2436 publica
488 2362 538 2418 sed
553 2361 641 2436 ipsius
654 2361 713 2418 voti
727 2359 867 2430 fiduciam,
882 2379 914 2418 ac
925 2379 971 2419 ro·

52 2441 109 2496 bur
123 2440 331 2515 adsumpserit:
354 2441 451 2496 naturl
465 2446 559 2496 tamen
573 2438 742 2496 infirmitatis
755 2439 895 2506 hnmanae,
914 2447 972 2496 tar-

53 2517 135 2574 diora
147 2525 212 2574 sunt
226 2518 361 2584 remedia,
381 2535 465 2592 quem
478 2519 569 2587 mala,
591 2523 630 2582 et,
644 2523 675 2572 ut
693 2534 816 2589 corpora
835 2516 910 2571 lente
924 2532 971 2571 au-

51 2601 181 2669 gescnnt,
196 2595 254 2652 cito
268 2595 492 2668 exstingnuntur,
506 2594 547 2650 sic
561 2593 671 2664 ingenia
684 2592 832 2664 studiaque
852 2609 971 2664 oppres·

52 2673 126 2729 seris
148 2669 267 2742 facilids,
282 2691 365 2750 qnam
384 2670 576 2728 revocaveris.
618 2668 698 2724 Subit
711 2667 818 2741 quippe
831 2667 915 2724 etiam
927 2667 971 2743 ip·

53 2749 112 2806 sius
127 2749 238 2806 inertie
253 2749 374 2807 dulcedo
390 2770 398 2819 ς
420 2756 449 2806 et
462 2747 552 2804 invisa
572 2745 666 2820 primb
686 2743 804 2812 desidia,
825 2747 972 2818 postremo

53 2832 171 2884 amatur.
214 2827 288 2897 Quid
306 2828 340 2895 si,
354 2844 409 2901 per
429 2823 587 2900 quindecim
608 2841 706 2890 annos,
719 2821 824 2896 grande
846 2822 970 2880 mortalis

53 2904 108 2960 aevi
122 2903 255 2978 spatium,
270 2904 348 2962 multi
367 2902 488 2960 fortuitis
509 2901 630 2968 casibus,
650 2898 874 3032 promptissimus
895 2899 970 2974 quis·

54 2999 109 3055 que
123 2981 234 3038 sevini
248 2981 388 3055 Principis
402 2977 630 3036 interciderunt?

53 3059 137 3126 erim,
152 3075 208 3115 non
221 3059 306 3117 modb
321 3059 450 3126 aliorum,
464 3056 514 3114 sed
528 3056 613 3114 etiam
630 3053 719 3112 nostri
740 3053 906 3128 superstites
924 3071 969 3110 su·

52 3153 114 3192 mus
128 3157 137 3207 ς
159 3137 298 3211 exemptis
312 3133 328 3192 ὲ
341 3135 434 3192 medii
446 3135 504 3192 vics
516 3139 559 3192 tot
579 3131 668 3201 annis,
682 3131 784 3206 quibus
799 3131 922 3206 juvenes
936 3129 971 3188 ad

676 2976 748 3044 auci,
763 2983 802 3045 et,
816 2982 846 3032 ut
858 2975 896 3032 ite
909 2975 970 3034 dix·
1018 2989 1022 2996 ’

52 3219 243 3282 senectutem,
261 3231 346 3272 senes
360 3213 449 3289 propi
463 3213 497 3269 ed
516 3211 592 3287 ipsos
606 3217 712 3268 exacte
727 3208 816 3266 etatis
835 3206 973 3264 terminos·
1078 3231 1084 3241 =

53 3307 108 3365 per
120 3289 264 3349 silentium
285 3291 413 3350 venimus
426 3311 433 3347 r
456 3308 512 3347 non
531 3296 625 3345 temen
639 3286 755 3362 pigebit,
768 3286 816 3342 vel
830 3283 970 3342 incondita

54 3387 85 3426 sc
99 3367 163 3426 rudi
177 3385 261 3439 voce,
276 3369 439 3427 memoriam
453 3366 557 3444 prioris
570 3363 724 3432 servitutis,
735 3381 767 3420 ac
780 3361 970 3420 testimoninm
998 3413 1005 3434 .-

23 3503 24 3510 ,
53 3443 238 3520 presentium
264 3448 404 3504 bonorum
429 3441 631 3520 composuisse.
682 3439 738 3498 Hic
763 3439 876 3498 interim
895 3438 970 3497 liber
1002 3441 1005 3452 '

23 3517 26 3588 'e
51 3521 156 3579 honori
176 3521 329 3596 Agricolas,
343 3523 436 3580 soceri
458 3522 525 3590 mei,
539 3518 702 3588 destinatus,
716 3515 894 3594 professione
907 3514 967 3594 pie·

51 3599 115 3660 nris
130 3605 177 3658 aut
189 3601 318 3661 laudatus
330 3599 395 3670 erit,
410 3607 458 3660 aut
470 3602 630 3736 excusatus.
965 3618 976 3629 ·

517 3691 534 3732 s

984 3634 1024 3704 1
