2214 3986
68 302 95 340 ι.
110 302 135 342 c.
152 286 196 365 69
292 285 447 344 meros„
466 285 539 344 ΠΒ.
559 285 749 350 QUARTUS.
913 291 964 347 1⁹7

71 423 158 482 Hand
177 424 260 482 dubie
280 427 424 502 gregarios
444 427 539 496 miles,
556 425 674 484 Vitellio
686 426 778 484 lidus:
800 425 963 503 splendidis-

70 501 160 559 simus
182 502 312 578 quisque,
331 503 361 560 in
381 502 584 580 Vespasianum
606 504 712 580 pronis
733 503 798 561 inde
824 506 965 566 scelerum

70 597 106 636 ac
130 579 334 656 suppliciorum
358 581 447 650 vices,
465 589 495 640 et
520 582 623 639 mixtus
649 582 785 658 obsequio
811 580 914 642 furor:
936 592 966 642 nt

70 657 213 714 contineri
227 662 421 732 nonpossent,
435 658 483 734 qui
496 659 590 734 puniri
604 665 747 733 poterant.

113 733 251 791 XXVlll.
302 737 340 792 At
370 736 485 793 civilem
515 735 656 796 immensis
682 737 810 796 ouotibus
835 738 967 796 universa

47 809 226 868 'Germania
261 813 427 879 extollebat,
460 812 606 870 sotietate¹
627 813 805 872 molummis
838 816 966 874 obsidum

69 887 194 946 firmati.
237 887 301 957 lile,
315 888 461 963 utcmque
475 890 643 964 proximum,
657 898 666 925 ‘
678 893 780 950 vastari
791 890 880 952 Ubi'os
889 893 965 952 Tre·

68 963 967 1117 660ῗῖ36ιὲ666Ὓῖιέἷῇωεῖἶὲἰᾟῒὲιᾙζ

68 1129 76 1154 ‘
91 1120 250 1196 quateret)
291 1119 369 1175 Acte
383 1119 535 1193 utrobique
550 1119 677 1192 prodm
697 1119 822 1180 infestids
834 1125 864 1182 in
874 1125 965 1196 Ubiis,

68 1197 154 1274 quod
173 1215 243 1270 gens
265 1195 442 1253 Germanicae
464 1195 589 1268 originis,
611 1196 718 1272 ejurato
745 1200 844 1272 pmrid,
865 1201 965 1262 Rorna-

67 1293 177 1332 norum
200 1271 328 1342 nomen„²
352 1273 550 1350 Agrippinam
571 1281 753 1332 vocarentur.
808 1275 899 1336 Caesae
920 1297 966 1338 co·

68 1353 175 1410 hortes
197 1355 306 1420 eorum,
325 1350 354 1407 in
375 1351 441 1410 vico
460 1351 642 1420 Marcoduro,
656 1351 823 1411 incuriosiiu
845 1361 971 1428 ugentes,

70 1431 140 1506 quia
151 1429 252 1504 procul
263 1430 325 1503 ripl
334 1429 459 1486 oberant.
501 1427 529 1483 N
530 1447 564 1486 ee
578 1430 717 1504 quievere
731 1427 809 1500 Ubii,
821 1431 968 1507 quominus

69 1508 187 1582 praedns
200 1526 217 1564 e
231 1506 383 1564 Germanii
397 1512 545 1581 peterent:
567 1508 661 1582 prim6
674 1507 808 1582 inpone:
830 1509 899 1568 dein
913 1510 971 1568 cir.

69 1585 219 1642 cumventi
242 1591 316 1653 sont,
338 1603 392 1658 per
413 1603 495 1642 omne
522 1583 551 1640 id
571 1585 677 1644 bellum
700 1586 820 1644 meliore
840 1587 883 1645 usi
900 1585 967 1662 lide,

70 1665 160 1738 quem
173 1661 292 1720 fortun6.
334 1661 466 1720 Contusis
481 1661 572 1729 Ubiis,
585 1663 710 1736 gravior,
731 1670 762 1721 et
773 1682 907 1724 suocessn
920 1683 966 1724 re·
1003 1661 1007 1670 '

71 1758 138 1796 rum
158 1739 282 1798 seronior
302 1737 414 1808 Civilis,
436 1740 575 1796 obsidium
594 1740 736 1814 legionum
755 1744 896 1816 urgebat3
925 1743 966 1800 in·

70 1818 159 1874 tentis
173 1817 316 1886 custodiis,
330 1836 367 1874 ne
381 1818 442 1892 quis
463 1818 592 1873 occultus
613 1813 725 1875 nuntius
746 1819 884 1876 venientis
899 1838 966 1877 aux·

69 1895 114 1951 ilii
130 1892 310 1970 'penetrat-et.
365 1893 521 1951 Machinas
529 1895 695 1968 molemque
713 1887 834 1968 opeiom
853 1896 967 1954 Batavis

70 1973 205 2046 delegat:
228 1972 463 2030 Transrhenanos
485 1971 640 2044 ‘prelium'
655 1978 815 2045 poscentes,
839 1973 873 2028 ad
895 1974 966 2030 soin·
1045 1984 1050 1996 ’

72 2049 222 2110 ‘denduin
235 2051 339 2107 vallum
360 2050 414 2117 ire,
441 2048 638 2122 detrusosque,
660 2045 851 2119 redintegrare
877 2056 968 2106 certo·

72 2137 80 2162 ⁴
97 2127 175 2184 men’
185 2127 268 2202 jobet
283 2143 296 2194 ς·
312 2135 464 2201 superante
478 2122 663 2191 multitudino,
678 2130 707 2180 et
716 2120 791 2183 facili
804 2123 905 2184 damno
915 2142 968 2186 uec

72 2205 161 2262 linem
175 2205 264 2263 labori
278 2222 334 2262 nox
353 2204 460 2272 adtulit.
494 2251 497 2258 .

113 2281 231 2340 XXIX,
265 2282 414 2364 congestis
439 2280 657 2354 circumligatis,
680 2281 872 2358 ascensisque,
887 2282 969 2343 simul

74 2361 234 2436 epulantes,
255 2368 287 2417 nt
310 2361 430 2436 quisque
455 2360 521 2419 vino
547 2359 713 2428 incaluerat,
732 2357 766 2417 ad
786 2379 907 2436 pugnum
926 2369 967 2420 te·

73 2438 206 2495 meritare
219 2437 294 2495 inani
307 2437 481 2495 ferebantur.
522 2437 637 2512 Quippe
650 2437 776 2513 ipsorum
788 2439 846 2496 tela
859 2457 914 2514 per
924 2446 967 2498 te·

58 2517 179 2573 'nebras
195 2511 288 2573 usna:
321 2515 438 2573 Romani
459 2516 639 2590 conspicuam
661 2517 845 2572 barbarorum
867 2516 966 2587 aciem,

74 2601 106 2649 et
131 2592 155 2650 si
180 2593 242 2668 quis
265 2593 388 2661 nudsoifi,
412 2599 457 2650 aut
477 2587 631 2665 insignibus
657 2591 803 2663 effulgens,
827 2591 861 2646 ad
883 2593 966 2650 iotam

73 2669 259 2728 destinabunt.
302 2672 480 2728 Intellectum
493 2668 521 2724 id
535 2667 622 2723 Civili
636 2689 642 2722 :
665 2675 672 2700 ‘
686 2675 726 2733 et,
740 2665 875 2723 restincto
892 2668 966 2740 igne,

72 2748 213 2805 ‘misceri
236 2756 336 2806 cuncto
354 2746 479 2805 tenebris
500 2751 529 2800 et
551 2743 645 2800 armis'
664 2743 757 2818 jubet.
799 2741 875 2800 Tum
895 2747 967 2804 vero

74 2826 212 2901 strepitus
234 2826 350 2895 dissoni,
370 2841 451 2882 casus
474 2818 585 2889 incerti,
607 2836 701 2893 neque
721 2817 851 2888 feriendi,
866 2823 967 2896 ‘neque

112 2953 127 3002 l
147 2950 212 3004 ‚sliu
229 2969 312 3005 manu
330 2945 587 3004 Mondou-transire
604 2913 687 3014 julat.
724 2941 821 2998 Mollet
840 2938 967 3001 faornus

73 3019 199 3075 transiri.
235 3021 313 3074 lnsrt
331 3021 459 3073 dedimus
477 3033 541 3070 cum
553 3013 661 3084 Ryokio
673 3017 796 3082 quateret,
808 3030 908 3081 nempe
920 3015 966 3068 ct-

75 3093 140 3145 vilis
153 3109 161 3156 3
198 3107 263 3143 uum
281 3091 430 3144 lectionem
443 3087 589 3142 adstruunt
602 3083 676 3136 Flor.
689 3083 795 3152 Regius
806 3095 834 3136 et
845 3083 965 3151 Ryokia·
994 3151 996 3158 Ι

73 3179 138 3214 nus.
201 3161 265 3228 ulgo
278 3163 421 3228 quaterent.

109 3230 129 3282 2
147 3227 330 3283 Romanulam
347 3245 450 3281 nomen.
487 3225 531 3278 lto
548 3225 624 3279 dedit
641 3223 667 3276 J.
687 3223 845 3276 Gronovius
862 3221 965 3280 sFlor.

74 3311 105 3353 et
117 3298 240 3352 editione
252 3301 351 3367 primo,
363 3310 391 3350 et
409 3299 438 3350 id
455 3295 568 3348 firment
580 3295 685 3362 Regius
697 3303 725 3346 et
736 3292 907 3413 Ri⁰¹³³⁸¹¹¹¹⁵’
919 3297 965 3363 qui

76 3453 173 3490 omnm
184 3437 312 3492 nomine:
330 3454 390 3507 quae
402 3437 487 3492 verba
498 3450 549 3502 per
560 3435 681 3504 glossam
694 3364 860 3488 additaudsgsbo
865 3362 966 3490 Ioaeddlscdt
1045 3438 1049 3446 '

76 3507 225 3562 Gruterus.

209 3592 222 3615 *t

75 3368 214 3422 tamenin
227 3368 365 3435 prioribus
383 3369 515 3420 omittunt
534 3381 633 3418 vocem
650 3378 727 3432 gens.

494 3570 552 3629 Rs
