<?xml version="1.0" encoding="UTF-8"?>
<!DOCTYPE html PUBLIC "-//W3C//DTD XHTML 1.0 Transitional//EN"
    "http://www.w3.org/TR/xhtml1/DTD/xhtml1-transitional.dtd">
<html xmlns="http://www.w3.org/1999/xhtml" xml:lang="en" lang="en">
 <head>
  <title>
</title>
<meta http-equiv="Content-Type" content="text/html;charset=utf-8" />
  <meta name='ocr-system' content='tesseract 3.04.00' />
  <meta name='ocr-capabilities' content='ocr_page ocr_carea ocr_par ocr_line ocrx_word'/>
</head>
<body>
  <div class='ocr_page' id='page_1' title='image "./ccorneliitaciti25tacigoog_0300.png"; bbox 0 0 2254 3960; ppageno 0'>
   <div class='ocr_carea' id='block_1_1' title="bbox 87 301 1003 420">
    <p class='ocr_par' dir='ltr' id='par_1_1' title="bbox 87 301 1003 420">
     <span class='ocr_line' id='line_1_1' title="bbox 87 301 1003 420; baseline 0.003 -16"><span class='ocrx_word' id='word_1_1' title='bbox 87 362 148 404; x_wconf 69' lang='lat' dir='ltr'><strong>sc.</strong></span> <span class='ocrx_word' id='word_1_2' title='bbox 166 349 212 402; x_wconf 81' lang='lat' dir='ltr'><strong>ar.</strong></span> <span class='ocrx_word' id='word_1_3' title='bbox 257 305 259 370; x_wconf 73' lang='grc' dir='ltr'>ἶ</span> <span class='ocrx_word' id='word_1_4' title='bbox 443 301 661 406; x_wconf 50' lang='lat' dir='ltr'><strong>roricone]</strong></span> <span class='ocrx_word' id='word_1_5' title='bbox 948 351 1003 420; x_wconf 73' lang='lat' dir='ltr'><strong>aaa</strong></span> 
     </span>
    </p>
   </div>
   <div class='ocr_carea' id='block_1_2' title="bbox 12 493 1098 3595">
    <p class='ocr_par' dir='ltr' id='par_1_2' title="bbox 89 493 1026 1397">
     <span class='ocr_line' id='line_1_2' title="bbox 89 493 1003 568; baseline 0.007 -16"><span class='ocrx_word' id='word_1_6' title='bbox 89 495 248 552; x_wconf 79' lang='lat' dir='ltr'><strong>derantur:</strong></span> <span class='ocrx_word' id='word_1_7' title='bbox 262 493 389 567; x_wconf 75' lang='lat' dir='ltr'><strong>legiones</strong></span> <span class='ocrx_word' id='word_1_8' title='bbox 403 513 456 568; x_wconf 89' lang='lat' dir='ltr'><strong>pro</strong></span> <span class='ocrx_word' id='word_1_9' title='bbox 465 498 540 554; x_wconf 85' lang='lat' dir='ltr'><strong>vallo</strong></span> <span class='ocrx_word' id='word_1_10' title='bbox 548 499 665 565; x_wconf 73' lang='lat' dir='ltr'><strong>stetere,</strong></span> <span class='ocrx_word' id='word_1_11' title='bbox 676 496 771 568; x_wconf 81' lang='lat' dir='ltr'><strong>ingens</strong></span> <span class='ocrx_word' id='word_1_12' title='bbox 780 495 906 554; x_wconf 77' lang='lat' dir='ltr'><strong>victoriae</strong></span> <span class='ocrx_word' id='word_1_13' title='bbox 915 499 1003 558; x_wconf 81' lang='lat' dir='ltr'><strong>decus</strong></span> 
     </span>
     <span class='ocr_line' id='line_1_3' title="bbox 91 570 1001 651; baseline 0.004 -21"><span class='ocrx_word' id='word_1_14' title='bbox 91 572 164 630; x_wconf 85' lang='lat' dir='ltr'><strong>citra</strong></span> <span class='ocrx_word' id='word_1_15' title='bbox 178 570 337 628; x_wconf 84' lang='lat' dir='ltr'><strong>Romanum</strong></span> <span class='ocrx_word' id='word_1_16' title='bbox 356 573 516 643; x_wconf 85' lang='lat' dir='ltr'><strong>sanguinem</strong></span> <span class='ocrx_word' id='word_1_17' title='bbox 528 574 655 640; x_wconf 79' lang='lat' dir='ltr'>bellanti,</span> <span class='ocrx_word' id='word_1_18' title='bbox 677 579 706 630; x_wconf 84' lang='lat' dir='ltr'><strong>et</strong></span> <span class='ocrx_word' id='word_1_19' title='bbox 719 571 861 642; x_wconf 79' lang='lat' dir='ltr'><strong>auxilium,</strong></span> <span class='ocrx_word' id='word_1_20' title='bbox 875 575 898 631; x_wconf 86' lang='lat' dir='ltr'><strong>si</strong></span> <span class='ocrx_word' id='word_1_21' title='bbox 913 577 1001 651; x_wconf 88' lang='lat' dir='ltr'><strong>pelle-</strong></span> 
     </span>
     <span class='ocr_line' id='line_1_4' title="bbox 91 647 1004 722; baseline 0.007 -16"><span class='ocrx_word' id='word_1_22' title='bbox 91 649 203 708; x_wconf 84' lang='lat' dir='ltr'><strong>rentur.</strong></span> <span class='ocrx_word' id='word_1_23' title='bbox 244 647 442 704; x_wconf 82' lang='lat' dir='ltr'><strong>Britannorum</strong></span> <span class='ocrx_word' id='word_1_24' title='bbox 456 647 529 703; x_wconf 89' lang='lat' dir='ltr'><strong>acies</strong></span> <span class='ocrx_word' id='word_1_25' title='bbox 543 651 571 702; x_wconf 90' lang='lat' dir='ltr'><strong>in</strong></span> <span class='ocrx_word' id='word_1_26' title='bbox 584 650 709 722; x_wconf 88' lang='lat' dir='ltr'><strong>speciem</strong></span> <span class='ocrx_word' id='word_1_27' title='bbox 722 649 804 706; x_wconf 90' lang='lat' dir='ltr'><strong>simul</strong></span> <span class='ocrx_word' id='word_1_28' title='bbox 817 668 848 707; x_wconf 90' lang='lat' dir='ltr'><strong>ac</strong></span> <span class='ocrx_word' id='word_1_29' title='bbox 862 657 1004 712; x_wconf 86' lang='lat' dir='ltr'><strong>terrorem</strong></span> 
     </span>
     <span class='ocr_line' id='line_1_5' title="bbox 92 723 1026 804; baseline 0.006 -22"><span class='ocrx_word' id='word_1_30' title='bbox 92 725 260 782; x_wconf 86' lang='lat' dir='ltr'><strong>editioribus</strong></span> <span class='ocrx_word' id='word_1_31' title='bbox 268 724 338 780; x_wconf 88' lang='lat' dir='ltr'><strong>Iocis</strong></span> <span class='ocrx_word' id='word_1_32' title='bbox 349 725 521 791; x_wconf 65' lang='lat' dir='ltr'><strong>constiterat,</strong></span> <span class='ocrx_word' id='word_1_33' title='bbox 531 723 609 780; x_wconf 89' lang='lat' dir='ltr'><strong>itaut</strong></span> <span class='ocrx_word' id='word_1_34' title='bbox 619 726 739 798; x_wconf 83' lang='lat' dir='ltr'><strong>primum</strong></span> <span class='ocrx_word' id='word_1_35' title='bbox 748 745 844 800; x_wconf 82' lang='lat' dir='ltr'><strong>agmen</strong></span> <span class='ocrx_word' id='word_1_36' title='bbox 853 747 945 804; x_wconf 75' lang='lat' dir='ltr'><strong>aquo,</strong></span> <span class='ocrx_word' id='word_1_37' title='bbox 956 749 1003 788; x_wconf 84' lang='lat' dir='ltr'><strong>ce·</strong></span> <span class='ocrx_word' id='word_1_38' title='bbox 1021 765 1026 772; x_wconf 86' lang='lat'>.</span> 
     </span>
     <span class='ocr_line' id='line_1_6' title="bbox 91 799 1005 876; baseline 0.007 -18"><span class='ocrx_word' id='word_1_39' title='bbox 91 803 149 862; x_wconf 81' lang='lat' dir='ltr'><strong>reri</strong></span> <span class='ocrx_word' id='word_1_40' title='bbox 163 819 218 876; x_wconf 88' lang='lat' dir='ltr'><strong>per</strong></span> <span class='ocrx_word' id='word_1_41' title='bbox 231 799 339 856; x_wconf 81' lang='lat' dir='ltr'><strong>achIve</strong></span> <span class='ocrx_word' id='word_1_42' title='bbox 354 799 453 874; x_wconf 75' lang='lat' dir='ltr'><strong>jugum</strong></span> <span class='ocrx_word' id='word_1_43' title='bbox 466 800 587 856; x_wconf 78' lang='lat' dir='ltr'><strong>connexi</strong></span> <span class='ocrx_word' id='word_1_44' title='bbox 600 801 680 856; x_wconf 84' lang='lat' dir='ltr'><strong>velut</strong></span> <span class='ocrx_word' id='word_1_45' title='bbox 696 799 891 874; x_wconf 80' lang='lat' dir='ltr'><strong>insurgerent:</strong></span> <span class='ocrx_word' id='word_1_46' title='bbox 914 807 1005 864; x_wconf 88' lang='lat' dir='ltr'><strong>media</strong></span> 
     </span>
     <span class='ocr_line' id='line_1_7' title="bbox 93 876 1003 958; baseline -0.001 -22"><span class='ocrx_word' id='word_1_47' title='bbox 93 879 187 954; x_wconf 85' lang='lat' dir='ltr'><strong>campi</strong></span> <span class='ocrx_word' id='word_1_48' title='bbox 200 877 361 958; x_wconf 70' lang='lat' dir='ltr'><strong>covinarius</strong></span> <span class='ocrx_word' id='word_1_49' title='bbox 374 881 403 932; x_wconf 88' lang='lat' dir='ltr'><strong>et</strong></span> <span class='ocrx_word' id='word_1_50' title='bbox 413 893 500 950; x_wconf 90' lang='lat' dir='ltr'><strong>eques</strong></span> <span class='ocrx_word' id='word_1_51' title='bbox 511 877 644 950; x_wconf 88' lang='lat' dir='ltr'><strong>strepitus</strong></span> <span class='ocrx_word' id='word_1_52' title='bbox 653 894 685 931; x_wconf 86' lang='lat' dir='ltr'><strong>ac</strong></span> <span class='ocrx_word' id='word_1_53' title='bbox 696 876 824 934; x_wconf 86' lang='lat' dir='ltr'><strong>discursu</strong></span> <span class='ocrx_word' id='word_1_54' title='bbox 837 884 1003 956; x_wconf 80' lang='lat' dir='ltr'><strong>complebat.</strong></span> 
     </span>
     <span class='ocr_line' id='line_1_8' title="bbox 95 953 1005 1028; baseline 0.008 -17"><span class='ocrx_word' id='word_1_55' title='bbox 95 955 172 1014; x_wconf 77' lang='lat' dir='ltr'><strong>Tum</strong></span> <span class='ocrx_word' id='word_1_56' title='bbox 186 954 328 1028; x_wconf 81' lang='lat' dir='ltr'><strong>Agricola,</strong></span> <span class='ocrx_word' id='word_1_57' title='bbox 342 961 494 1028; x_wconf 88' lang='lat' dir='ltr'><strong>superante</strong></span> <span class='ocrx_word' id='word_1_58' title='bbox 505 954 626 1010; x_wconf 87' lang='lat' dir='ltr'><strong>bostium</strong></span> <span class='ocrx_word' id='word_1_59' title='bbox 639 953 824 1022; x_wconf 85' lang='lat' dir='ltr'><strong>multitu&#39;dIne,</strong></span> <span class='ocrx_word' id='word_1_60' title='bbox 838 957 956 1026; x_wconf 83' lang='lat' dir='ltr'><strong>veritus,</strong></span> <span class='ocrx_word' id='word_1_61' title='bbox 969 980 1005 1018; x_wconf 92' lang='lat' dir='ltr'><strong>ne</strong></span> 
     </span>
     <span class='ocr_line' id='line_1_9' title="bbox 94 1023 1006 1106; baseline 0.007 -17"><span class='ocrx_word' id='word_1_62' title='bbox 94 1023 181 1089; x_wconf 82' lang='lat' dir='ltr'><strong>simul</strong></span> <span class='ocrx_word' id='word_1_63' title='bbox 202 1032 231 1088; x_wconf 90' lang='lat' dir='ltr'><strong>in</strong></span> <span class='ocrx_word' id='word_1_64' title='bbox 256 1030 389 1098; x_wconf 84' lang='lat' dir='ltr'><strong>frontem,</strong></span> <span class='ocrx_word' id='word_1_65' title='bbox 415 1031 497 1086; x_wconf 83' lang='lat' dir='ltr'><strong>slmul</strong></span> <span class='ocrx_word' id='word_1_66' title='bbox 518 1039 548 1087; x_wconf 91' lang='lat' dir='ltr'><strong>et</strong></span> <span class='ocrx_word' id='word_1_67' title='bbox 572 1031 659 1086; x_wconf 78' lang='lat' dir='ltr'><strong>latera</strong></span> <span class='ocrx_word' id='word_1_68' title='bbox 684 1046 799 1086; x_wconf 86' lang='lat' dir='ltr'><strong>suorum</strong></span> <span class='ocrx_word' id='word_1_69' title='bbox 824 1043 1006 1106; x_wconf 77' lang='lat' dir='ltr'><strong>pugnaretur,</strong></span> 
     </span>
     <span class='ocr_line' id='line_1_10' title="bbox 94 1106 1008 1182; baseline 0.004 -16"><span class='ocrx_word' id='word_1_70' title='bbox 94 1109 215 1168; x_wconf 86' lang='lat' dir='ltr'><strong>diductis</strong></span> <span class='ocrx_word' id='word_1_71' title='bbox 242 1109 396 1176; x_wconf 81' lang='lat' dir='ltr'><strong>ordinibus,</strong></span> <span class='ocrx_word' id='word_1_72' title='bbox 422 1125 589 1182; x_wconf 86' lang='lat' dir='ltr'><strong>quamquam</strong></span> <span class='ocrx_word' id='word_1_73' title='bbox 621 1106 783 1180; x_wconf 80' lang='lat' dir='ltr'><strong>porrectior</strong></span> <span class='ocrx_word' id='word_1_74' title='bbox 808 1108 882 1166; x_wconf 88' lang='lat' dir='ltr'><strong>acies</strong></span> <span class='ocrx_word' id='word_1_75' title='bbox 915 1110 1008 1170; x_wconf 83' lang='lat' dir='ltr'><strong>futura</strong></span> 
     </span>
     <span class='ocr_line' id='line_1_11' title="bbox 94 1183 1008 1258; baseline 0.002 -14"><span class='ocrx_word' id='word_1_76' title='bbox 94 1193 168 1254; x_wconf 88' lang='lat' dir='ltr'><strong>erat,</strong></span> <span class='ocrx_word' id='word_1_77' title='bbox 195 1191 224 1243; x_wconf 90' lang='lat' dir='ltr'><strong>et</strong></span> <span class='ocrx_word' id='word_1_78' title='bbox 249 1186 462 1258; x_wconf 75' lang='lat' dir='ltr'><strong>‘arcessendas’</strong></span> <span class='ocrx_word' id='word_1_79' title='bbox 489 1183 619 1258; x_wconf 83' lang='lat' dir='ltr'><strong>plerique</strong></span> <span class='ocrx_word' id='word_1_80' title='bbox 643 1183 796 1256; x_wconf 83' lang='lat' dir='ltr'><strong>‘legiones’</strong></span> <span class='ocrx_word' id='word_1_81' title='bbox 823 1185 1008 1246; x_wconf 86' lang='lat' dir='ltr'><strong>admonebant</strong></span> 
     </span>
     <span class='ocr_line' id='line_1_12' title="bbox 94 1255 1007 1342; baseline 0.004 -22"><span class='ocrx_word' id='word_1_82' title='bbox 94 1263 254 1342; x_wconf 87' lang='lat' dir='ltr'><strong>promptior</strong></span> <span class='ocrx_word' id='word_1_83' title='bbox 262 1265 290 1321; x_wconf 91' lang='lat' dir='ltr'><strong>iu</strong></span> <span class='ocrx_word' id='word_1_84' title='bbox 300 1255 391 1336; x_wconf 81' lang='lat' dir='ltr'><strong>spem,</strong></span> <span class='ocrx_word' id='word_1_85' title='bbox 403 1270 432 1319; x_wconf 91' lang='lat' dir='ltr'><strong>et</strong></span> <span class='ocrx_word' id='word_1_86' title='bbox 444 1261 542 1318; x_wconf 88' lang='lat' dir='ltr'><strong>firmus</strong></span> <span class='ocrx_word' id='word_1_87' title='bbox 550 1259 686 1328; x_wconf 88' lang='lat' dir='ltr'><strong>adversis,</strong></span> <span class='ocrx_word' id='word_1_88' title='bbox 699 1259 813 1317; x_wconf 83' lang='lat' dir='ltr'><strong>dimisso</strong></span> <span class='ocrx_word' id='word_1_89' title='bbox 823 1279 909 1337; x_wconf 87' lang='lat' dir='ltr'><strong>equo,</strong></span> <span class='ocrx_word' id='word_1_90' title='bbox 920 1265 1007 1339; x_wconf 87' lang='lat' dir='ltr'><strong>pedes</strong></span> 
     </span>
     <span class='ocr_line' id='line_1_13' title="bbox 95 1337 520 1397; baseline 0 0"><span class='ocrx_word' id='word_1_91' title='bbox 95 1347 161 1397; x_wconf 84' lang='lat' dir='ltr'><strong>ante</strong></span> <span class='ocrx_word' id='word_1_92' title='bbox 175 1337 279 1397; x_wconf 80' lang='lat' dir='ltr'><strong>venilia</strong></span> <span class='ocrx_word' id='word_1_93' title='bbox 291 1339 422 1397; x_wconf 87' lang='lat' dir='ltr'><strong>constitit.</strong></span> <span class='ocrx_word' id='word_1_94' title='bbox 519 1371 520 1376; x_wconf 19' lang='grc' dir='ltr'><strong><em>κ</em></strong></span> 
     </span>
    </p>

    <p class='ocr_par' dir='ltr' id='par_1_3' title="bbox 12 1414 1090 3097">
     <span class='ocr_line' id='line_1_14' title="bbox 136 1414 1007 1489; baseline 0.009 -19"><span class='ocrx_word' id='word_1_95' title='bbox 136 1414 272 1476; x_wconf 87' lang='lat' dir='ltr'>XXXVI.</span> <span class='ocrx_word' id='word_1_96' title='bbox 302 1417 343 1472; x_wconf 84' lang='lat' dir='ltr'><strong>Ac</strong></span> <span class='ocrx_word' id='word_1_97' title='bbox 364 1418 455 1489; x_wconf 73' lang='lat' dir='ltr'><strong>prium</strong></span> <span class='ocrx_word' id='word_1_98' title='bbox 473 1432 626 1488; x_wconf 83' lang='lat' dir='ltr'><strong>congressu</strong></span> <span class='ocrx_word' id='word_1_99' title='bbox 645 1414 753 1472; x_wconf 75' lang='lat' dir='ltr'><strong>eminis</strong></span> <span class='ocrx_word' id='word_1_100' title='bbox 770 1417 949 1476; x_wconf 82' lang='lat' dir='ltr'><strong>certabatur:</strong></span> <span class='ocrx_word' id='word_1_101' title='bbox 971 1421 1007 1478; x_wconf 89' lang='lat' dir='ltr'><strong>si-</strong></span> 
     </span>
     <span class='ocr_line' id='line_1_15' title="bbox 94 1491 1009 1568; baseline 0.008 -18"><span class='ocrx_word' id='word_1_102' title='bbox 94 1494 154 1550; x_wconf 90' lang='lat' dir='ltr'><strong>mul</strong></span> <span class='ocrx_word' id='word_1_103' title='bbox 169 1494 332 1560; x_wconf 72' lang='lat' dir='ltr'><strong>constantia,</strong></span> <span class='ocrx_word' id='word_1_104' title='bbox 346 1493 427 1548; x_wconf 87' lang='lat' dir='ltr'><strong>simui</strong></span> <span class='ocrx_word' id='word_1_105' title='bbox 449 1499 509 1548; x_wconf 86' lang='lat' dir='ltr'><strong>arte</strong></span> <span class='ocrx_word' id='word_1_106' title='bbox 529 1491 667 1560; x_wconf 85' lang='lat' dir='ltr'><strong>Britanni,</strong></span> <span class='ocrx_word' id='word_1_107' title='bbox 681 1493 838 1566; x_wconf 83' lang='lat' dir='ltr'><strong>ingentibus</strong></span> <span class='ocrx_word' id='word_1_108' title='bbox 859 1495 965 1568; x_wconf 80' lang='lat' dir='ltr'><strong>gladiis,</strong></span> <span class='ocrx_word' id='word_1_109' title='bbox 980 1507 1009 1556; x_wconf 90' lang='lat' dir='ltr'><strong>et</strong></span> 
     </span>
     <span class='ocr_line' id='line_1_16' title="bbox 96 1569 1008 1644; baseline 0.005 -17"><span class='ocrx_word' id='word_1_110' title='bbox 96 1570 233 1628; x_wconf 81' lang='lat' dir='ltr'><strong>brevibus</strong></span> <span class='ocrx_word' id='word_1_111' title='bbox 246 1570 362 1636; x_wconf 89' lang='lat' dir='ltr'><strong>ceteris,</strong></span> <span class='ocrx_word' id='word_1_112' title='bbox 374 1570 487 1626; x_wconf 80' lang='lat' dir='ltr'><strong>missilia</strong></span> <span class='ocrx_word' id='word_1_113' title='bbox 507 1575 667 1624; x_wconf 88' lang='lat' dir='ltr'><strong>nostrorum</strong></span> <span class='ocrx_word' id='word_1_114' title='bbox 678 1569 780 1637; x_wconf 85' lang='lat' dir='ltr'><strong>vitare,</strong></span> <span class='ocrx_word' id='word_1_115' title='bbox 794 1570 845 1628; x_wconf 82' lang='lat' dir='ltr'><strong>vel</strong></span> <span class='ocrx_word' id='word_1_116' title='bbox 862 1580 1008 1644; x_wconf 82' lang='lat' dir='ltr'><strong>excutere,</strong></span> 
     </span>
     <span class='ocr_line' id='line_1_17' title="bbox 96 1645 1008 1724; baseline 0.002 -20"><span class='ocrx_word' id='word_1_117' title='bbox 96 1654 125 1704; x_wconf 88' lang='lat' dir='ltr'><strong>at</strong></span> <span class='ocrx_word' id='word_1_118' title='bbox 134 1664 190 1721; x_wconf 90' lang='lat' dir='ltr'><strong>que</strong></span> <span class='ocrx_word' id='word_1_119' title='bbox 198 1645 251 1720; x_wconf 89' lang='lat' dir='ltr'><strong>ipsi</strong></span> <span class='ocrx_word' id='word_1_120' title='bbox 259 1647 450 1720; x_wconf 84' lang='lat' dir='ltr'><strong>magnavam</strong></span> <span class='ocrx_word' id='word_1_121' title='bbox 461 1647 580 1703; x_wconf 88' lang='lat' dir='ltr'><strong>telorum</strong></span> <span class='ocrx_word' id='word_1_122' title='bbox 589 1645 795 1722; x_wconf 86' lang='lat' dir='ltr'><strong>superfundere</strong></span> <span class='ocrx_word' id='word_1_123' title='bbox 807 1669 813 1705; x_wconf 94' lang='lat'><strong>:</strong></span> <span class='ocrx_word' id='word_1_124' title='bbox 828 1649 919 1707; x_wconf 83' lang='lat' dir='ltr'><strong>donec</strong></span> <span class='ocrx_word' id='word_1_125' title='bbox 929 1651 1008 1724; x_wconf 82' lang='lat' dir='ltr'><strong>Agri-</strong></span> 
     </span>
     <span class='ocr_line' id='line_1_18' title="bbox 96 1723 1008 1798; baseline 0.004 -17"><span class='ocrx_word' id='word_1_126' title='bbox 96 1724 160 1782; x_wconf 91' lang='lat' dir='ltr'><strong>cola</strong></span> <span class='ocrx_word' id='word_1_127' title='bbox 171 1730 231 1779; x_wconf 87' lang='lat' dir='ltr'><strong>tres</strong></span> <span class='ocrx_word' id='word_1_128' title='bbox 244 1723 415 1780; x_wconf 83' lang='lat' dir='ltr'><strong>Batavorum</strong></span> <span class='ocrx_word' id='word_1_129' title='bbox 427 1725 571 1790; x_wconf 82' lang='lat' dir='ltr'><strong>cohortes,</strong></span> <span class='ocrx_word' id='word_1_130' title='bbox 585 1742 617 1780; x_wconf 93' lang='lat' dir='ltr'><strong>ac</strong></span> <span class='ocrx_word' id='word_1_131' title='bbox 632 1723 814 1798; x_wconf 83' lang='lat' dir='ltr'><strong>Tungrorum</strong></span> <span class='ocrx_word' id='word_1_132' title='bbox 827 1726 893 1783; x_wconf 86' lang='lat' dir='ltr'><strong>duas</strong></span> <span class='ocrx_word' id='word_1_133' title='bbox 907 1728 1008 1786; x_wconf 85' lang='lat' dir='ltr'><strong>cobor-</strong></span> 
     </span>
     <span class='ocr_line' id='line_1_19' title="bbox 96 1795 1009 1880; baseline 0.004 -22"><span class='ocrx_word' id='word_1_134' title='bbox 96 1807 170 1858; x_wconf 84' lang='lat' dir='ltr'><strong>tatus</strong></span> <span class='ocrx_word' id='word_1_135' title='bbox 181 1806 236 1868; x_wconf 84' lang='lat' dir='ltr'><strong>est,</strong></span> <span class='ocrx_word' id='word_1_136' title='bbox 245 1806 275 1857; x_wconf 94' lang='lat' dir='ltr'><strong>ut</strong></span> <span class='ocrx_word' id='word_1_137' title='bbox 287 1817 346 1856; x_wconf 85' lang='lat' dir='ltr'><strong>rem</strong></span> <span class='ocrx_word' id='word_1_138' title='bbox 358 1799 394 1855; x_wconf 88' lang='lat' dir='ltr'><strong>ad</strong></span> <span class='ocrx_word' id='word_1_139' title='bbox 403 1795 552 1874; x_wconf 78' lang='lat' dir='ltr'><strong>mucrones</strong></span> <span class='ocrx_word' id='word_1_140' title='bbox 567 1817 599 1854; x_wconf 85' lang='lat' dir='ltr'><strong>ac</strong></span> <span class='ocrx_word' id='word_1_141' title='bbox 612 1819 708 1858; x_wconf 86' lang='lat' dir='ltr'><strong>manus</strong></span> <span class='ocrx_word' id='word_1_142' title='bbox 720 1802 890 1860; x_wconf 87' lang='lat' dir='ltr'><strong>adducerent</strong></span> <span class='ocrx_word' id='word_1_143' title='bbox 903 1826 910 1860; x_wconf 94' lang='lat'><strong>:</strong></span> <span class='ocrx_word' id='word_1_144' title='bbox 933 1808 1009 1880; x_wconf 81' lang='lat' dir='ltr'><strong>quod</strong></span> 
     </span>
     <span class='ocr_line' id='line_1_20' title="bbox 96 1875 1009 1953; baseline 0.004 -19"><span class='ocrx_word' id='word_1_145' title='bbox 96 1883 127 1934; x_wconf 88' lang='lat' dir='ltr'><strong>et</strong></span> <span class='ocrx_word' id='word_1_146' title='bbox 140 1875 208 1953; x_wconf 78' lang='lat' dir='ltr'><strong>ipsis</strong></span> <span class='ocrx_word' id='word_1_147' title='bbox 223 1883 360 1934; x_wconf 85' lang='lat' dir='ltr'><strong>vetustate</strong></span> <span class='ocrx_word' id='word_1_148' title='bbox 379 1878 474 1934; x_wconf 77' lang='lat' dir='ltr'><strong>milite</strong></span> <span class='ocrx_word' id='word_1_149' title='bbox 489 1876 683 1944; x_wconf 86' lang='lat' dir='ltr'><strong>exercitatum,</strong></span> <span class='ocrx_word' id='word_1_150' title='bbox 698 1885 726 1934; x_wconf 91' lang='lat' dir='ltr'><strong>et</strong></span> <span class='ocrx_word' id='word_1_151' title='bbox 744 1878 870 1934; x_wconf 89' lang='lat' dir='ltr'><strong>hostibus</strong></span> <span class='ocrx_word' id='word_1_152' title='bbox 884 1880 1009 1938; x_wconf 78' lang='lat' dir='ltr'><strong>inhabile</strong></span> 
     </span>
     <span class='ocr_line' id='line_1_21' title="bbox 12 1951 1015 2030; baseline -0.003 -20"><span class='ocrx_word' id='word_1_153' title='bbox 12 1990 15 1996; x_wconf 86' lang='lat'>·</span> <span class='ocrx_word' id='word_1_154' title='bbox 96 1961 272 2030; x_wconf 85' lang='lat' dir='ltr'><strong>parvascuta</strong></span> <span class='ocrx_word' id='word_1_155' title='bbox 281 1961 309 2010; x_wconf 90' lang='lat' dir='ltr'><strong>et</strong></span> <span class='ocrx_word' id='word_1_156' title='bbox 323 1971 453 2010; x_wconf 87' lang='lat' dir='ltr'><strong>enormes</strong></span> <span class='ocrx_word' id='word_1_157' title='bbox 466 1951 571 2026; x_wconf 83' lang='lat' dir='ltr'><strong>gladios</strong></span> <span class='ocrx_word' id='word_1_158' title='bbox 581 1954 765 2024; x_wconf 81' lang='lat' dir='ltr'><strong>gerentibus:</strong></span> <span class='ocrx_word' id='word_1_159' title='bbox 787 1973 850 2009; x_wconf 87' lang='lat' dir='ltr'><strong>nam</strong></span> <span class='ocrx_word' id='word_1_160' title='bbox 861 1953 1015 2018; x_wconf 75' lang='lat' dir='ltr'><strong>Britanno.</strong></span> 
     </span>
     <span class='ocr_line' id='line_1_22' title="bbox 97 2029 1009 2103; baseline 0.002 -15"><span class='ocrx_word' id='word_1_161' title='bbox 97 2049 163 2088; x_wconf 80' lang='lat' dir='ltr'><strong>run:</strong></span> <span class='ocrx_word' id='word_1_162' title='bbox 177 2031 259 2103; x_wconf 83' lang='lat' dir='ltr'><strong>gladii</strong></span> <span class='ocrx_word' id='word_1_163' title='bbox 272 2030 333 2088; x_wconf 90' lang='lat' dir='ltr'><strong>sine</strong></span> <span class='ocrx_word' id='word_1_164' title='bbox 346 2029 672 2102; x_wconf 82' lang='lat' dir='ltr'><strong>mucronecornplexum</strong></span> <span class='ocrx_word' id='word_1_165' title='bbox 686 2048 838 2098; x_wconf 87' lang='lat' dir='ltr'><strong>armorum,</strong></span> <span class='ocrx_word' id='word_1_166' title='bbox 850 2038 879 2086; x_wconf 91' lang='lat' dir='ltr'><strong>et</strong></span> <span class='ocrx_word' id='word_1_167' title='bbox 891 2031 919 2086; x_wconf 80' lang='lat' dir='ltr'><strong>ln</strong></span> <span class='ocrx_word' id='word_1_168' title='bbox 933 2040 1009 2090; x_wconf 88' lang='lat' dir='ltr'><strong>arcto</strong></span> 
     </span>
     <span class='ocr_line' id='line_1_23' title="bbox 96 2103 1009 2183; baseline 0.003 -19"><span class='ocrx_word' id='word_1_169' title='bbox 96 2125 217 2183; x_wconf 85' lang='lat' dir='ltr'><strong>pugnam</strong></span> <span class='ocrx_word' id='word_1_170' title='bbox 232 2127 287 2164; x_wconf 93' lang='lat' dir='ltr'><strong>non</strong></span> <span class='ocrx_word' id='word_1_171' title='bbox 300 2109 467 2164; x_wconf 87' lang='lat' dir='ltr'><strong>tolerabant.</strong></span> <span class='ocrx_word' id='word_1_172' title='bbox 504 2107 607 2179; x_wconf 83' lang='lat' dir='ltr'><strong>Igitur,</strong></span> <span class='ocrx_word' id='word_1_173' title='bbox 622 2112 651 2160; x_wconf 90' lang='lat' dir='ltr'><strong>ut</strong></span> <span class='ocrx_word' id='word_1_174' title='bbox 671 2105 768 2162; x_wconf 84' lang='lat' dir='ltr'><strong>Batavi</strong></span> <span class='ocrx_word' id='word_1_175' title='bbox 789 2103 909 2164; x_wconf 80' lang='lat' dir='ltr'><strong>miscere</strong></span> <span class='ocrx_word' id='word_1_176' title='bbox 927 2107 1009 2179; x_wconf 89' lang='lat' dir='ltr'><strong>ictus,</strong></span> 
     </span>
     <span class='ocr_line' id='line_1_24' title="bbox 95 2183 1008 2257; baseline 0.001 -16"><span class='ocrx_word' id='word_1_177' title='bbox 95 2183 188 2241; x_wconf 88' lang='lat' dir='ltr'><strong>serire</strong></span> <span class='ocrx_word' id='word_1_178' title='bbox 198 2185 374 2252; x_wconf 88' lang='lat' dir='ltr'><strong>umbonibus,</strong></span> <span class='ocrx_word' id='word_1_179' title='bbox 389 2203 441 2241; x_wconf 89' lang='lat' dir='ltr'><strong>ora</strong></span> <span class='ocrx_word' id='word_1_180' title='bbox 453 2184 571 2249; x_wconf 84' lang='lat' dir='ltr'><strong>foedare,</strong></span> <span class='ocrx_word' id='word_1_181' title='bbox 586 2189 614 2239; x_wconf 90' lang='lat' dir='ltr'><strong>et</strong></span> <span class='ocrx_word' id='word_1_182' title='bbox 632 2183 739 2251; x_wconf 89' lang='lat' dir='ltr'><strong>tractis,</strong></span> <span class='ocrx_word' id='word_1_183' title='bbox 753 2183 843 2257; x_wconf 84' lang='lat' dir='ltr'><strong>quiin</strong></span> <span class='ocrx_word' id='word_1_184' title='bbox 863 2201 887 2240; x_wconf 76' lang='lat' dir='ltr'><strong>ae</strong></span> <span class='ocrx_word' id='word_1_185' title='bbox 909 2203 946 2244; x_wconf 87' lang='lat' dir='ltr'><strong>uo</strong></span> <span class='ocrx_word' id='word_1_186' title='bbox 960 2188 1008 2242; x_wconf 93' lang='lat' dir='ltr'><strong>ob·</strong></span> 
     </span>
     <span class='ocr_line' id='line_1_25' title="bbox 96 2261 1009 2336; baseline 0 -18"><span class='ocrx_word' id='word_1_187' title='bbox 96 2261 227 2318; x_wconf 87' lang='lat' dir='ltr'><strong>stiterant</strong></span> <span class='ocrx_word' id='word_1_188' title='bbox 236 2261 349 2336; x_wconf 84' lang='lat' dir='ltr'><strong>erigere</strong></span> <span class='ocrx_word' id='word_1_189' title='bbox 363 2263 391 2317; x_wconf 92' lang='lat' dir='ltr'><strong>in</strong></span> <span class='ocrx_word' id='word_1_190' title='bbox 405 2263 493 2318; x_wconf 91' lang='lat' dir='ltr'><strong>colles</strong></span> <span class='ocrx_word' id='word_1_191' title='bbox 504 2261 591 2318; x_wconf 88' lang='lat' dir='ltr'><strong>aciem</strong></span> <span class='ocrx_word' id='word_1_192' title='bbox 598 2270 719 2334; x_wconf 87' lang='lat' dir='ltr'><strong>&#39;coepere</strong></span> <span class='ocrx_word' id='word_1_193' title='bbox 729 2281 738 2330; x_wconf 83' lang='lat'>3</span> <span class='ocrx_word' id='word_1_194' title='bbox 753 2267 858 2320; x_wconf 73' lang='lat' dir='ltr'><strong>cetera</strong></span> <span class='ocrx_word' id='word_1_195' title='bbox 868 2278 901 2316; x_wconf 92' lang='lat' dir='ltr'><strong>co</strong></span> <span class='ocrx_word' id='word_1_196' title='bbox 924 2269 1009 2331; x_wconf 85' lang='lat' dir='ltr'><strong>ortes,</strong></span> 
     </span>
     <span class='ocr_line' id='line_1_26' title="bbox 96 2336 1090 2414; baseline 0.004 -20"><span class='ocrx_word' id='word_1_197' title='bbox 96 2336 277 2395; x_wconf 76' lang='lat' dir='ltr'><strong>aemulatione</strong></span> <span class='ocrx_word' id='word_1_198' title='bbox 297 2345 326 2394; x_wconf 88' lang='lat' dir='ltr'><strong>et</strong></span> <span class='ocrx_word' id='word_1_199' title='bbox 346 2339 453 2414; x_wconf 87' lang='lat' dir='ltr'><strong>Impetu</strong></span> <span class='ocrx_word' id='word_1_200' title='bbox 472 2337 636 2403; x_wconf 66' lang='lat' dir='ltr'><strong>commiste,</strong></span> <span class='ocrx_word' id='word_1_201' title='bbox 651 2337 794 2412; x_wconf 82' lang='lat' dir='ltr'><strong>proximos</strong></span> <span class='ocrx_word' id='word_1_202' title='bbox 808 2354 934 2413; x_wconf 89' lang='lat' dir='ltr'><strong>quosque</strong></span> <span class='ocrx_word' id='word_1_203' title='bbox 955 2357 1009 2399; x_wconf 75' lang='lat' dir='ltr'><strong>ce·</strong></span> <span class='ocrx_word' id='word_1_204' title='bbox 1087 2403 1090 2410; x_wconf 87' lang='lat'><em>.</em></span> 
     </span>
     <span class='ocr_line' id='line_1_27' title="bbox 96 2413 1011 2502; baseline 0.003 -32"><span class='ocrx_word' id='word_1_205' title='bbox 96 2413 189 2470; x_wconf 87' lang='lat' dir='ltr'><strong>dere:</strong></span> <span class='ocrx_word' id='word_1_206' title='bbox 212 2432 244 2471; x_wconf 91' lang='lat' dir='ltr'><strong>ac</strong></span> <span class='ocrx_word' id='word_1_207' title='bbox 257 2415 388 2502; x_wconf 89' lang='lat' dir='ltr'><strong>plerique</strong></span> <span class='ocrx_word' id='word_1_208' title='bbox 402 2417 569 2483; x_wconf 87' lang='lat' dir='ltr'><strong>semineces,</strong></span> <span class='ocrx_word' id='word_1_209' title='bbox 579 2420 625 2470; x_wconf 88' lang='lat' dir='ltr'><strong>aut</strong></span> <span class='ocrx_word' id='word_1_210' title='bbox 638 2415 748 2489; x_wconf 80' lang='lat' dir='ltr'><strong>integri,</strong></span> <span class='ocrx_word' id='word_1_211' title='bbox 763 2413 939 2472; x_wconf 82' lang='lat' dir='ltr'><strong>festinatione</strong></span> <span class='ocrx_word' id='word_1_212' title='bbox 953 2417 1011 2474; x_wconf 84' lang='lat' dir='ltr'><strong>ric-</strong></span> 
     </span>
     <span class='ocr_line' id='line_1_28' title="bbox 97 2491 1011 2566; baseline 0.002 -18"><span class='ocrx_word' id='word_1_213' title='bbox 97 2493 193 2558; x_wconf 74' lang='lat' dir='ltr'><strong>toria,</strong></span> <span class='ocrx_word' id='word_1_214' title='bbox 214 2491 455 2566; x_wconf 77' lang='lat' dir='ltr'><strong>relinquebantur.</strong></span> <span class='ocrx_word' id='word_1_215' title='bbox 498 2492 615 2549; x_wconf 87' lang='lat' dir='ltr'><strong>Interim</strong></span> <span class='ocrx_word' id='word_1_216' title='bbox 635 2494 759 2566; x_wconf 88' lang='lat' dir='ltr'><strong>equitum</strong></span> <span class='ocrx_word' id='word_1_217' title='bbox 780 2499 880 2548; x_wconf 77' lang='lat' dir='ltr'><strong>turmae</strong></span> <span class='ocrx_word' id='word_1_218' title='bbox 902 2491 1011 2564; x_wconf 75' lang='lat' dir='ltr'><strong>fugere,</strong></span> 
     </span>
     <span class='ocr_line' id='line_1_29' title="bbox 97 2567 1011 2644; baseline 0.001 -19"><span class='ocrx_word' id='word_1_219' title='bbox 97 2567 236 2626; x_wconf 85' lang='lat' dir='ltr'><strong>covinarii</strong></span> <span class='ocrx_word' id='word_1_220' title='bbox 255 2567 380 2642; x_wconf 83' lang='lat' dir='ltr'><strong>peditum</strong></span> <span class='ocrx_word' id='word_1_221' title='bbox 397 2587 428 2625; x_wconf 87' lang='lat' dir='ltr'><strong>se</strong></span> <span class='ocrx_word' id='word_1_222' title='bbox 445 2570 547 2644; x_wconf 82' lang='lat' dir='ltr'><strong>proelio</strong></span> <span class='ocrx_word' id='word_1_223' title='bbox 566 2568 723 2624; x_wconf 74' lang='lat' dir='ltr'><strong>miscuere:</strong></span> <span class='ocrx_word' id='word_1_224' title='bbox 746 2575 775 2623; x_wconf 87' lang='lat' dir='ltr'><strong>et</strong></span> <span class='ocrx_word' id='word_1_225' title='bbox 786 2584 952 2641; x_wconf 85' lang='lat' dir='ltr'><strong>quamquam</strong></span> <span class='ocrx_word' id='word_1_226' title='bbox 966 2587 1011 2626; x_wconf 89' lang='lat' dir='ltr'><strong>re·</strong></span> 
     </span>
     <span class='ocr_line' id='line_1_30' title="bbox 97 2643 1011 2717; baseline 0 -15"><span class='ocrx_word' id='word_1_227' title='bbox 97 2651 212 2702; x_wconf 77' lang='lat' dir='ltr'><strong>centena</strong></span> <span class='ocrx_word' id='word_1_228' title='bbox 225 2651 367 2702; x_wconf 86' lang='lat' dir='ltr'><strong>terrorem</strong></span> <span class='ocrx_word' id='word_1_229' title='bbox 379 2644 540 2712; x_wconf 89' lang='lat' dir='ltr'><strong>intulerant,</strong></span> <span class='ocrx_word' id='word_1_230' title='bbox 550 2643 644 2700; x_wconf 87' lang='lat' dir='ltr'><strong>densis</strong></span> <span class='ocrx_word' id='word_1_231' title='bbox 659 2650 752 2700; x_wconf 89' lang='lat' dir='ltr'><strong>tamen</strong></span> <span class='ocrx_word' id='word_1_232' title='bbox 767 2643 887 2700; x_wconf 87' lang='lat' dir='ltr'><strong>hostium</strong></span> <span class='ocrx_word' id='word_1_233' title='bbox 899 2645 1011 2717; x_wconf 85' lang='lat' dir='ltr'><strong>agruini·</strong></span> 
     </span>
     <span class='ocr_line' id='line_1_31' title="bbox 96 2721 1012 2796; baseline 0.002 -19"><span class='ocrx_word' id='word_1_234' title='bbox 96 2723 164 2789; x_wconf 85' lang='lat' dir='ltr'><strong>bus,</strong></span> <span class='ocrx_word' id='word_1_235' title='bbox 178 2728 208 2778; x_wconf 90' lang='lat' dir='ltr'><strong>et</strong></span> <span class='ocrx_word' id='word_1_236' title='bbox 220 2721 404 2796; x_wconf 76' lang='lat' dir='ltr'><strong>inaequalibus</strong></span> <span class='ocrx_word' id='word_1_237' title='bbox 416 2723 485 2779; x_wconf 86' lang='lat' dir='ltr'><strong>Iocis</strong></span> <span class='ocrx_word' id='word_1_238' title='bbox 499 2723 646 2778; x_wconf 77' lang='lat' dir='ltr'><strong>haerebant</strong></span> <span class='ocrx_word' id='word_1_239' title='bbox 660 2741 668 2776; x_wconf 94' lang='lat'><strong>:</strong></span> <span class='ocrx_word' id='word_1_240' title='bbox 689 2721 859 2796; x_wconf 77' lang='lat' dir='ltr'><strong>minImdque</strong></span> <span class='ocrx_word' id='word_1_241' title='bbox 873 2725 1012 2794; x_wconf 86' lang='lat' dir='ltr'><strong>equestris</strong></span> 
     </span>
     <span class='ocr_line' id='line_1_32' title="bbox 97 2795 1016 2873; baseline -0.003 -17"><span class='ocrx_word' id='word_1_242' title='bbox 97 2816 135 2856; x_wconf 83' lang='lat' dir='ltr'><strong>ea</strong></span> <span class='ocrx_word' id='word_1_243' title='bbox 147 2815 248 2873; x_wconf 81' lang='lat' dir='ltr'><strong>pugnae</strong></span> <span class='ocrx_word' id='word_1_244' title='bbox 263 2797 347 2856; x_wconf 83' lang='lat' dir='ltr'><strong>facies</strong></span> <span class='ocrx_word' id='word_1_245' title='bbox 361 2807 432 2867; x_wconf 87' lang='lat' dir='ltr'><strong>erat,</strong></span> <span class='ocrx_word' id='word_1_246' title='bbox 443 2799 504 2856; x_wconf 77' lang='lat' dir='ltr'><strong>clam</strong></span> <span class='ocrx_word' id='word_1_247' title='bbox 516 2797 591 2872; x_wconf 68' lang='lat' dir='ltr'><strong>aegri</strong></span> <span class='ocrx_word' id='word_1_248' title='bbox 598 2795 645 2854; x_wconf 87' lang='lat' dir='ltr'><strong>diu</strong></span> <span class='ocrx_word' id='word_1_249' title='bbox 654 2803 768 2864; x_wconf 87' lang='lat' dir='ltr'><strong>stantes,</strong></span> <span class='ocrx_word' id='word_1_250' title='bbox 780 2795 862 2852; x_wconf 89' lang='lat' dir='ltr'><strong>simul</strong></span> <span class='ocrx_word' id='word_1_251' title='bbox 876 2807 1016 2870; x_wconf 83' lang='lat' dir='ltr'><strong>equorum</strong></span> 
     </span>
     <span class='ocr_line' id='line_1_33' title="bbox 97 2875 1013 2950; baseline 0 -17"><span class='ocrx_word' id='word_1_252' title='bbox 97 2875 269 2949; x_wconf 89' lang='lat' dir='ltr'><strong>corporibus</strong></span> <span class='ocrx_word' id='word_1_253' title='bbox 282 2875 498 2950; x_wconf 81' lang='lat' dir='ltr'><strong>impellerentur</strong></span> <span class='ocrx_word' id='word_1_254' title='bbox 510 2898 517 2946; x_wconf 91' lang='lat'>;</span> <span class='ocrx_word' id='word_1_255' title='bbox 539 2893 570 2932; x_wconf 89' lang='lat' dir='ltr'><strong>ac</strong></span> <span class='ocrx_word' id='word_1_256' title='bbox 584 2892 661 2947; x_wconf 81' lang='lat' dir='ltr'><strong>saepe</strong></span> <span class='ocrx_word' id='word_1_257' title='bbox 675 2876 737 2946; x_wconf 82' lang='lat' dir='ltr'><strong>vagi</strong></span> <span class='ocrx_word' id='word_1_258' title='bbox 757 2891 868 2940; x_wconf 87' lang='lat' dir='ltr'><strong>currus,</strong></span> <span class='ocrx_word' id='word_1_259' title='bbox 883 2875 1013 2933; x_wconf 81' lang='lat' dir='ltr'><strong>exterriti</strong></span> 
     </span>
     <span class='ocr_line' id='line_1_34' title="bbox 97 2951 1013 3028; baseline 0 -20"><span class='ocrx_word' id='word_1_260' title='bbox 97 2952 163 3008; x_wconf 86' lang='lat' dir='ltr'><strong>siue</strong></span> <span class='ocrx_word' id='word_1_261' title='bbox 175 2952 334 3008; x_wconf 86' lang='lat' dir='ltr'><strong>rectoribus</strong></span> <span class='ocrx_word' id='word_1_262' title='bbox 342 2954 418 3027; x_wconf 86' lang='lat' dir='ltr'><strong>eqni,</strong></span> <span class='ocrx_word' id='word_1_263' title='bbox 428 2960 458 3008; x_wconf 93' lang='lat' dir='ltr'><strong>ut</strong></span> <span class='ocrx_word' id='word_1_264' title='bbox 469 2969 609 3028; x_wconf 87' lang='lat' dir='ltr'><strong>quemque</strong></span> <span class='ocrx_word' id='word_1_265' title='bbox 622 2951 741 3011; x_wconf 77' lang='lat' dir='ltr'><strong>formido</strong></span> <span class='ocrx_word' id='word_1_266' title='bbox 749 2952 1013 3018; x_wconf 83' lang='lat' dir='ltr'><strong>tulerat,transver-</strong></span> 
     </span>
     <span class='ocr_line' id='line_1_35' title="bbox 97 3029 933 3097; baseline 0 -10"><span class='ocrx_word' id='word_1_267' title='bbox 97 3047 158 3097; x_wconf 83' lang='lat' dir='ltr'><strong>soe,</strong></span> <span class='ocrx_word' id='word_1_268' title='bbox 170 3033 218 3085; x_wconf 86' lang='lat' dir='ltr'><strong>aut</strong></span> <span class='ocrx_word' id='word_1_269' title='bbox 233 3029 332 3086; x_wconf 84' lang='lat' dir='ltr'><strong>obvios</strong></span> <span class='ocrx_word' id='word_1_270' title='bbox 345 3030 533 3087; x_wconf 86' lang='lat' dir='ltr'><strong>incursabant.</strong></span> <span class='ocrx_word' id='word_1_271' title='bbox 924 3050 933 3069; x_wconf 65' lang='lat'><strong>¹</strong></span> 
     </span>
    </p>

    <p class='ocr_par' dir='ltr' id='par_1_4' title="bbox 97 3104 1098 3490">
     <span class='ocr_line' id='line_1_36' title="bbox 140 3104 1011 3183; baseline 0.002 -23"><span class='ocrx_word' id='word_1_272' title='bbox 140 3105 290 3162; x_wconf 82' lang='lat' dir='ltr'>XXXVII.</span> <span class='ocrx_word' id='word_1_273' title='bbox 313 3105 349 3162; x_wconf 82' lang='lat' dir='ltr'><strong>Et</strong></span> <span class='ocrx_word' id='word_1_274' title='bbox 359 3104 496 3176; x_wconf 87' lang='lat' dir='ltr'><strong>Britanni,</strong></span> <span class='ocrx_word' id='word_1_275' title='bbox 511 3107 558 3183; x_wconf 92' lang='lat' dir='ltr'><strong>qui</strong></span> <span class='ocrx_word' id='word_1_276' title='bbox 573 3107 663 3164; x_wconf 85' lang='lat' dir='ltr'><strong>adhuc</strong></span> <span class='ocrx_word' id='word_1_277' title='bbox 676 3123 777 3180; x_wconf 74' lang='lat' dir='ltr'><strong>pugna</strong></span> <span class='ocrx_word' id='word_1_278' title='bbox 792 3110 924 3178; x_wconf 83' lang='lat' dir='ltr'><strong>expertes</strong></span> <span class='ocrx_word' id='word_1_279' title='bbox 938 3123 1011 3162; x_wconf 85' lang='lat' dir='ltr'><strong>sum·</strong></span> 
     </span>
     <span class='ocr_line' id='line_1_37' title="bbox 97 3181 1012 3260; baseline -0.001 -20"><span class='ocrx_word' id='word_1_280' title='bbox 97 3201 146 3240; x_wconf 83' lang='lat' dir='ltr'><strong>ma</strong></span> <span class='ocrx_word' id='word_1_281' title='bbox 155 3183 268 3240; x_wconf 73' lang='lat' dir='ltr'><strong>collino:</strong></span> <span class='ocrx_word' id='word_1_282' title='bbox 278 3183 447 3253; x_wconf 82' lang='lat' dir='ltr'><strong>insederant,</strong></span> <span class='ocrx_word' id='word_1_283' title='bbox 459 3192 488 3242; x_wconf 87' lang='lat' dir='ltr'><strong>et</strong></span> <span class='ocrx_word' id='word_1_284' title='bbox 496 3186 665 3260; x_wconf 84' lang='lat' dir='ltr'><strong>paucitatem</strong></span> <span class='ocrx_word' id='word_1_285' title='bbox 674 3190 832 3241; x_wconf 83' lang='lat' dir='ltr'><strong>nostrorum</strong></span> <span class='ocrx_word' id='word_1_286' title='bbox 841 3181 923 3238; x_wconf 86' lang='lat' dir='ltr'><strong>vacui</strong></span> <span class='ocrx_word' id='word_1_287' title='bbox 932 3200 1012 3256; x_wconf 89' lang='lat' dir='ltr'><strong>sper·</strong></span> 
     </span>
     <span class='ocr_line' id='line_1_38' title="bbox 98 3259 1071 3338; baseline 0.002 -21"><span class='ocrx_word' id='word_1_288' title='bbox 98 3261 215 3330; x_wconf 84' lang='lat' dir='ltr'><strong>nebant,</strong></span> <span class='ocrx_word' id='word_1_289' title='bbox 229 3261 345 3334; x_wconf 74' lang='lat' dir='ltr'><strong>degredi</strong></span> <span class='ocrx_word' id='word_1_290' title='bbox 366 3263 518 3338; x_wconf 88' lang='lat' dir='ltr'><strong>paullatim,</strong></span> <span class='ocrx_word' id='word_1_291' title='bbox 533 3269 561 3319; x_wconf 90' lang='lat' dir='ltr'><strong>et</strong></span> <span class='ocrx_word' id='word_1_292' title='bbox 581 3261 731 3320; x_wconf 87' lang='lat' dir='ltr'><strong>circumire</strong></span> <span class='ocrx_word' id='word_1_293' title='bbox 751 3267 829 3334; x_wconf 83' lang='lat' dir='ltr'><strong>terga</strong></span> <span class='ocrx_word' id='word_1_294' title='bbox 841 3259 1013 3319; x_wconf 78' lang='lat' dir='ltr'><strong>vincentium</strong></span> <span class='ocrx_word' id='word_1_295' title='bbox 1065 3263 1071 3266; x_wconf 78' lang='grc'><strong>’</strong></span> 
     </span>
     <span class='ocr_line' id='line_1_39' title="bbox 97 3336 1015 3414; baseline 0 -20"><span class='ocrx_word' id='word_1_296' title='bbox 97 3345 269 3412; x_wconf 75' lang='lat' dir='ltr'><strong>emperant:</strong></span> <span class='ocrx_word' id='word_1_297' title='bbox 283 3337 320 3398; x_wconf 89' lang='lat' dir='ltr'><strong>ni</strong></span> <span class='ocrx_word' id='word_1_298' title='bbox 334 3339 362 3394; x_wconf 91' lang='lat' dir='ltr'><strong>id</strong></span> <span class='ocrx_word' id='word_1_299' title='bbox 376 3340 468 3414; x_wconf 87' lang='lat' dir='ltr'><strong>ipsum</strong></span> <span class='ocrx_word' id='word_1_300' title='bbox 480 3339 732 3414; x_wconf 76' lang='lat' dir='ltr'><strong>veritus-Agricola</strong></span> <span class='ocrx_word' id='word_1_301' title='bbox 753 3343 873 3412; x_wconf 88' lang='lat' dir='ltr'><strong>quatuor</strong></span> <span class='ocrx_word' id='word_1_302' title='bbox 886 3336 1015 3411; x_wconf 89' lang='lat' dir='ltr'><strong>equitum</strong></span> 
     </span>
     <span class='ocr_line' id='line_1_40' title="bbox 97 3406 1098 3490; baseline -0.003 -18"><span class='ocrx_word' id='word_1_303' title='bbox 97 3415 170 3484; x_wconf 82' lang='lat' dir='ltr'><strong>slas,</strong></span> <span class='ocrx_word' id='word_1_304' title='bbox 194 3415 229 3472; x_wconf 85' lang='lat' dir='ltr'><strong>ad</strong></span> <span class='ocrx_word' id='word_1_305' title='bbox 254 3406 346 3474; x_wconf 86' lang='lat' dir='ltr'><strong>subita</strong></span> <span class='ocrx_word' id='word_1_306' title='bbox 367 3417 437 3476; x_wconf 90' lang='lat' dir='ltr'><strong>belli</strong></span> <span class='ocrx_word' id='word_1_307' title='bbox 464 3423 597 3486; x_wconf 85' lang='lat' dir='ltr'><strong>retentas,</strong></span> <span class='ocrx_word' id='word_1_308' title='bbox 620 3416 797 3476; x_wconf 82' lang='lat' dir='ltr'><strong>venientibus</strong></span> <span class='ocrx_word' id='word_1_309' title='bbox 824 3413 1015 3490; x_wconf 81' lang='lat' dir='ltr'><strong>opposuisset,</strong></span> <span class='ocrx_word' id='word_1_310' title='bbox 1095 3479 1098 3486; x_wconf 22' lang='lat' dir='ltr'>y</span> 
     </span>
    </p>

    <p class='ocr_par' dir='ltr' id='par_1_5' title="bbox 626 3568 639 3595">
     <span class='ocr_line' id='line_1_41' title="bbox 626 3568 639 3595; baseline 0 0"><span class='ocrx_word' id='word_1_311' title='bbox 626 3568 639 3595; x_wconf 66' lang='grc'><strong>0</strong></span> 
     </span>
    </p>
   </div>
   <div class='ocr_carea' id='block_1_3' title="bbox 0 0 1142 3960">
    <p class='ocr_par' dir='ltr' id='par_1_6' title="bbox 0 0 1142 3960">
     <span class='ocr_line' id='line_1_42' title="bbox 0 0 1142 3960; baseline 0 0"><span class='ocrx_word' id='word_1_312' title='bbox 0 0 1142 3960; x_wconf 95' lang='lat' dir='ltr'><strong> </strong></span> 
     </span>
    </p>
   </div>
  </div>
 </body>
</html>
