2214 3986
88 285 152 326 stc.
163 271 206 326 69.
313 271 468 326 nls'rott.
487 271 560 327 LIB.
577 272 755 329 TERTIUS.
930 275 983 330 125
1021 347 1026 358 1

87 425 175 490 prout
193 415 393 488 conduxisset3
414 421 511 495 aperte
531 420 713 478 descendisse
733 419 762 476 in
776 435 889 477 causam
900 419 979 483 rile-

76 491 181 581 ¹batur,
202 497 294 570 eoque
319 496 426 569 gratior
448 497 581 554 militibus
602 505 673 566 erat,
697 497 790 572 culpae
814 497 862 552 vol
884 497 981 572 glorie

87 583 194 627 socrus}

127 645 179 703 lV.
220 647 351 705 Proxima
364 649 491 708 Cornelii
505 651 588 708 Fusci
602 651 795 726 procuratoris
809 651 979 708 auctoritas:

85 723 113 780 is
136 743 248 812 quoque
269 725 455 784 inclementer
476 728 506 783 in
527 727 672 792 Vitellium
696 728 793 785 invehi
814 728 923 795 solitus,
940 727 981 784 ni·

86 799 131 856 hil
157 796 218 877 sper
244 801 298 858 sibi
331 803 406 860 inter
430 804 549 861 adversa
581 804 763 879 relinquerat.
805 804 843 861 Τ.
866 804 981 878 Ampius

86 876 250 944 Flavianus,
284 882 384 935 natura
413 898 446 938 ac
476 882 591 937 senectt
615 882 780 949 cunctatior,
806 882 982 956 suspiciones

85 953 208 1011 militum
239 945 382 1021 inritabai,
419 962 559 1030 tamquam
590 956 737 1014 adfinitatis
769 975 834 1014 cum
864 957 982 1016 Vitellio

33 1031 41 1039 '
84 1031 284 1087 meminisset:
305 1029 448 1103 idemque,
462 1031 549 1105 qnod,
569 1041 709 1105 coeptante
730 1034 872 1106 legionum
893 1043 981 1102 motu,

83 1107 239 1183 profugus,
252 1105 319 1161 dein
331 1111 439 1178 'sponte
458 1109 646 1175 remeaverat,
659 1108 786 1182 perfidiae
800 1111 893 1168 locum
905 1129 981 1186 qnat-

83 1183 176 1242 siseel
199 1183 378 1239 crebebatur.
420 1180 492 1238 Nam
516 1183 688 1252 Flavianum,
710 1185 810 1240 omissi
831 1185 982 1258 Pannonii,

84 1261 249 1334 ingressum
288 1259 394 1314 ltaliam
434 1265 462 1315 et
495 1259 647 1320 discrimini
680 1267 853 1334 exemptam,
886 1281 983 1320 rernm

87 1355 228 1394 novarum
260 1335 363 1410 cupido
390 1335 472 1408 legati
501 1354 604 1394 nomen
628 1355 786 1404 resumere,
813 1345 843 1394 et
865 1338 985 1396 miscere

86 1413 220 1472 civilibus
235 1414 319 1470 armis
329 1413 488 1488 impulerat,
503 1413 636 1472 suadente
645 1413 782 1471 Cornelio
797 1413 908 1482 Fusco;
930 1431 985 1470 non

90 1491 157 1566 quia
170 1490 305 1546 industrii
319 1489 446 1546 Flaviani
466 1491 577 1564 egebat,
590 1492 640 1548 sed
658 1499 690 1548 ‘ut
710 1493 858 1550 consulare
872 1507 984 1560 nomen,

88 1568 269 1642 surgentibus
302 1567 365 1622 crim
397 1567 515 1624 maxime
552 1568 704 1642 partibus.2
737 1569 862 1626 honestel-
887 1567 984 1642 specie

90 1645 328 1720 praetenderetur.

68 1726 73 1735 '
131 1720 168 1778 V.
210 1721 356 1789 Ceterum,
370 1727 401 1778 ut
423 1721 613 1778 transmittere
637 1723 666 1778 in
690 1722 795 1780 ltaliam
818 1723 985 1797 impunest

89 1799 154 1872 usui
181 1797 267 1865 soret,
292 1798 429 1872 scriptum
451 1799 562 1872 Aponio
586 1799 759 1867 Saturnino‚³
786 1808 873 1856 ‘cum
899 1817 983 1856 exer·

88 1885 99 1920 1‘
115 1875 174 1933 citn
199 1875 319 1932 Moesico
345 1875 507 1932 celeraret.³
561 1875 603 1930 Ac
629 1893 665 1931 ne
684 1875 806 1932 inermes
830 1875 1006 1950 provinciae'

89 1952 219 2011 barbaris
242 1952 405 2009 nationibus·
424 1959 646 2025 exponerentur,
673 1951 817 2024 principes
844 1952 983 2008 Sarmata·
1071 2001 1073 2006 .

92 2049 162 2086 rum
177 2029 329 2104 Jazygnm,
350 2046 439 2105 penes
461 2047 533 2102 qnos
559 2027 679 2100 civitatis
701 2027 837 2099 regimen,
858 2028 887 2082 in
909 2043 985 2083 com·
1016 2032 1028 2046 ⁸

90 2107 222 2166 militium
244 2107 340 2164 adsciti
352 2105 376 2175 3⁴
405 2101 553 2179 ‘plebem'
571 2121 699 2179 quoque,
718 2109 748 2160 et
769 2103 827 2159 vim
850 2102 985 2176 equitum,
1056 2123 1061 2134 ·
1096 2143 1097 2156 ,

90 2184 229 2261 quarela
253 2185 360 2250 valent,
386 2181 563 2257 offerebant:
596 2179 743 2238 remissum
765 2179 794 2238 id
816 2197 926 2248 munus,
949 2194 986 2236 ne

130 2389 144 2442 1
162 2387 286 2458 ,Perfidia
295 2389 380 2442 locum
391 2389 522 2458 passure.
558 2387 596 2444 Ut
608 2389 666 2445 soil.
679 2389 805 2460 legiones
817 2387 880 2444 illas
889 2405 907 2444 a
915 2386 985 2443 Vea-

95 2460 211 2528 pasiano
223 2458 364 2511 alienaret.

129 2526 343 2596 2Surgentibus
363 2545 422 2580 cum
442 2529 554 2582 maxim
573 2520 707 2596 portibus.
745 2529 789 2582 lta
809 2545 825 2582 a
843 2526 987 2586 Illoncui

94 2608 232 2650 consonat
242 2597 356 2671 Regius,
376 2597 487 2650 edidere
500 2598 626 2665 Ryckius
635 2598 665 2648 'et
676 2595 703 2648 J.
717 2597 885 2658 Gronovius,
896 2608 986 2662 eaque

94 2667 225 2720 dictionis
235 2667 327 2720 forma
345 2665 470 2734 pluribus
480 2667 515 2716 in
527 2665 596 2716 locis
608 2664 717 2716 reddita
729 2674 771 2716 est
784 2663 874 2722 Plinio
882 2663 987 2730 juniori

94 2753 131 2793 ex
143 2737 240 2790 codice
253 2732 439 2789 Florentino.'
460 2731 573 2800 Vulgati
588 2737 646 2784 tom
657 2731 781 2784 marinna

128 2803 298 2876 3Scriptum
321 2802 428 2874 Apustio
456 2799 614 2854 Saturnino.
662 2798 716 2854 Hic
739 2802 863 2868 integre·
877 2801 987 2868 paginae
1096 2827 1097 2830 =

95 2876 348 2944 transpositionem,
361 2886 421 2942 quae
434 2871 564 2938 Regiam,
575 2881 606 2923 ut
624 2879 652 2923 et
671 2880 779 2923 ceteros
791 2867 903 2922 codices
914 2871 987 2922 inse-

94 2947 143 3012 dit,
156 2947 263 3014 qnippe
278 2960 313 2998 ex
334 2943 432 2996 eodem
454 2939 618 3008 apographo
637 2939 801 3008 descriptos,
813 2938 924 2992 sustulit
943 2935 987 2990 Pi·

95 3015 194 3077 chena,
207 3016 252 3070 cui
265 3013 409 3066 Mercerus
420 3011 576 3078 praeiverat.

128 3085 199 3138 lla
211 3079 394 3138 commilitium
404 3077 509 3133 odacii.
544 3078 589 3133 Ne
608 3077 832 3147 qatdsmmatae
848 3079 1003 3143 moveant,v
1048 3143 1050 3147 ι
1096 3093 1097 3098 ’

95 3155 236 3223 principes
254 3153 355 3206 horum
367 3151 546 3203 abducuntur
556 3150 588 3201 inu
597 3147 725 3202 ltaliam:
744 3159 772 3201 at
785 3148 896 3216 plebem
908 3161 989 3202 suam

93 3235 122 3278 et
134 3223 244 3292 equites
256 3237 354 3275 secum
372 3221 475 3272 ducere
494 3219 685 3288 prohibentur,
704 3233 738 3270 ae
755 3217 825 3270 irater
840 3213 989 3269 discordias

94 3298 201 3348 alciata
208 3289 371 3354 molirentur,
380 3291 396 3342 i.
407 3289 523 3343 arabus
532 3289 656 3343 externis
667 3304 698 3340 se
710 3287 876 3348 immiscere,
885 3298 989 3352 easque

96 3364 131 3416 ad
149 3379 182 3418 se
200 3361 311 3415 trahere
333 3365 521 3426 conarentur}
537 3372 585 3412 aut
597 3359 626 3410 in
638 3359 699 3424 ipso
710 3349 786 3410 be'llo
799 3355 835 3410 ad
847 3353 990 3410 Vitellium
1096 3363 1097 3366 ’

95 3432 266 3486 deficerent:
286 3430 361 3498 quoti
373 3429 484 3482 evenire
504 3429 562 3498 non
582 3437 701 3496 poterat,
722 3441 809 3494 quum
831 3423 912 3493 plebs
929 3423 990 3480 sine
1077 3469 1079 3474 ,

95 3501 269 3570 principibus
277 3499 356 3555 domi
365 3495 860 3568 remaneret,etprinoipeein1talin
868 3496 989 3566 sinopa·
1096 3549 1097 3574 ἶ

93 3571 236 3644 paleriam
247 3583 338 3626 maun
345 3569 506 3624 militarent.
516 3633 540 3694 L
554 3638 573 3693 2
