2214 3986
76 371 99 417 s.
117 377 142 420 s.
158 360 214 420 e:
234 331 238 338 ’
297 365 452 424 meroe.
471 365 544 424 am.
562 366 754 425 mammo
914 368 968 426 ιω

77 519 219 568 cerentnr.
259 513 434 574 Grandaevos
447 535 541 586 senes,
555 518 655 574 macti
665 523 746 575 astate
756 513 885 585 seminas,
894 515 966 576 viles

75 586 107 643 ad
120 588 268 676 praedam,¹
280 591 308 648 in
329 594 480 652 ludibrium
492 595 650 652 trahebant.
693 593 750 652 Ubi
769 594 864 659 adulte
876 593 967 669 virgo,

74 672 121 751 aut
133 683 196 740 quis
209 664 300 726 sormi
319 673 487 748 conspicuus
506 667 661 742 incidisset,
674 673 702 728 vi
723 672 908 748 manibusque
921 689 967 729 rs·

74 743 216 831 punitum
229 745 365 818 divulsus,
380 750 459 824 'ipsos
480 752 624 824 postremi
645 750 807 826 direptores
827 750 856 806 in
872 755 967 809 mutu-

72 835 116 874 am
136 822 292 895 perniciem
316 826 436 900 agebat:
458 827 525 883 dum
544 827 703 902 pecuniam,
717 829 764 886 vel
785 827 885 902 gravia
898 843 967 884 auro

71 900 243 984 templorum
264 901 348 971 dona,
362 904 416 960 sibi
438 904 557 979 quisque
580 905 706 974 trabunt,
719 905 827 982 majore
849 904 968 962 aliorum

71 991 101 1030 vi
121 980 331 1054 truncabantur.
376 981 497 1049 Quidam
520 981 605 1036 obvia
627 983 777 1055 aspernati,
799 981 967 1040 verberibus

70 1055 276 1134 tormentisque
290 1057 468 1118 dominomm
482 1057 576 1113 abdita
588 1059 718 1126 scrutari,
732 1059 841 1118 defossa
851 1075 965 1118 eruere.

68 1127 164 1188 Faces
185 1133 215 1188 in
234 1133 362 1190 manibus
376 1154 383 1190 ε
406 1153 486 1208 quas,
500 1134 548 1190 ubi
566 1134 690 1208 praedam
704 1143 865 1211 egesserant
877 1137 907 1192 in
920 1153 967 1194 va·

67 1224 138 1264 cuss
151 1209 261 1278 domos,
273 1217 303 1266 et
313 1210 526 1286 inaniatempla,
540 1229 595 1288 per
605 1211 748 1268 lasciviam
756 1212 965 1285 jaculabantur:

66 1291 161 1358 utque
182 1287 326 1356 exercitu,
346 1289 425 1346 vario
445 1289 558 1362 linguis,
572 1283 767 1352 moribussscui
785 1288 874 1354 cives,
887 1287 967 1357 socii,

69 1363 185 1418 externi
208 1364 388 1435 interessent,
404 1366 525 1422 diverse
549 1356 707 1436 cupidines,
722 1370 751 1419 et
773 1363 846 1420 alind
868 1364 969 1437 cuique

68 1437 123 1508 las,
137 1457 192 1498 nec
207 1442 359 1516 quidquam
377 1441 523 1503 inlicitum.
565 1440 623 1496 Per
636 1441 814 1516 quatriduum
828 1439 971 1500 ¹Cremona

67 1517 194 1576 suffecit.
236 1517 310 1580 Cim
328 1519 422 1582 ,omnia
441 1537 521 1576 sacra
533 1517 708 1595 profanaque
721 1519 751 1576 in
763 1519 828 1592 igne
842 1515 970 1578 conside-

70 1595 163 1664 rent‚²
176 1596 433 1672 solnm'llephitis3
445 1597 582 1670 templum
601 1597 678 1655 stetit
690 1603 755 1654 ante
767 1596 881 1664 moenia,
895 1596 969 1667 loco,

68 1689 125 1730 seu
137 1674 263 1744 numine,
276 1673 433 1732 defensum.

108 1749 248 1808 XXXIV.
290 1751 346 1810 Hic
367 1753 466 1821 exitas,
483 1752 662 1821 Cremonae
679 1771 934 1812 annocosxxxvrc
953 1771 970 1810 a

71 1828 217 1904 primodio
236 1829 290 1889 sni.
332 1829 452 1888 Condita
471 1839 532 1888 erat
546 1832 593 1888 Ti.
609 1832 777 1907 Sempronio
790 1839 820 1890 et
833 1829 969 1896 Cornelio

69 1906 246 1976 consulibus,
269 1908 423 1980 ingruente
440 1909 469 1964 in
489 1908 598 1974 ltaliam,
618 1908 787 1977 Hannibale,
809 1925 969 1984 propugna-

69 1986 170 2048 culum
189 1985 325 2044 adrersis
345 1985 453 2054 Gallos,
467 1992 544 2043 trans
565 1985 673 2043 Padum
692 1993 861 2060 agentes‚et
879 1986 970 2060 siqua

63 2063 128 2119 'alia
141 2062 186 2119 ris
206 2079 262 2137 per
282 2064 371 2140 Alpes
392 2069 499 2121 rueret.
530 2064 629 2136 lgitur
653 2080 772 2121 numero
795 2065 970 2130 colonorum,

69 2140 285 2216 opportunitate
308 2141 465 2212 fluminum,
478 2141 574 2198 ubere
590 2141 660 2214 agri,
680 2151 791 2196 annexu
811 2137 970 2196 connubiis·

70 2236 131 2294 que
153 2219 288 2292 gentium,
302 2218 425 2277 adolevit
445 2217 610 2294 floruitque,
623 2217 846 2282 bellisexternis
859 2216 969 2286 intacta,

70 2296 205 2354 civilibus
217 2296 326 2354 infelix.
352 2297 505 2356 latonius
518 2297 633 2371 pudore‘
647 2295 754 2370 flagitii,
768 2297 971 2372 crebrescente

70 2374 189 2442 invidit,
211 2373 315 2453 edixit,
329 2383 389 2436 ‘ne
411 2375 474 2450 quis
487 2373 695 2440 Cremonenses
717 2374 844 2450 captivos
862 2373 970 2432 deline-

73 2460 81 2485 ‘
96 2459 144 2510 ret
156 2453 176 2508 :'
196 2451 366 2528 inritamque
383 2454 508 2529 praedam
520 2453 655 2526 militibus
668 2453 803 2514 effecerat
816 2469 970 2513 consensus

74 2529 174 2600 ltalia,
208 2531 380 2605 emptionem
418 2532 516 2590 talium
547 2529 752 2607 mancipiorum
785 2529 968 2606 aspernantis.

110 2713 126 2764 1
150 2703 267 2766 Viieaud
276 2711 402 2783 modom.
439 2709 551 2764 Nullius
568 2710 605 2760 ob
625 2717 746 2772 estatem,
759 2717 808 2760 aut
827 2707 970 2763 imbecilli-

72 2793 162 2835 tatem
193 2783 265 2835 retii.
293 2791 297 2796 '
348 2833 349 2836 ,
409 2801 419 2812 ‘
441 2833 444 2841 Κ
518 2779 522 2788 ’
545 2789 547 2792 ·
779 2812 782 2818 -

108 2853 128 2905 2
145 2800 255 2922 Inpigoe
267 2850 439 2904 condierint.
476 2845 579 2899 Omnio
597 2845 660 2912 lege
678 2859 744 2897 cum
757 2844 874 2898 Heinsio
884 2845 916 2898 io
927 2845 970 2916 ig·

72 2939 134 2975 nem
147 2923 191 2975 rel
202 2921 234 2974 in
251 2921 348 2990 ignea·
367 2927 510 2998 sumptum
529 2933 547 2969 a
567 2914 693 2984 Virgilio,
703 2931 778 2967 omne
797 2913 971 2970 inilicitum

74 2998 113 3046 ert
125 2991 258 3046 recudere
269 2991 301 3043 io
312 2989 391 3060 ignes
403 2987 493 3042 licum.

110 3063 129 3116 3
146 3061 283 3132 Mephitis.
321 3059 392 3118 Quae
404 3059 458 3112 dee
469 3057 533 3111 tetri
543 3056 644 3122 odoris,
657 3055 692 3108 dc
705 3072 762 3124 que
770 3053 834 3108 vide
843 3055 971 3112 Servium

75 3133 111 3184 ad
124 3131 239 3186 AEneid.
251 3134 277 3184 7.
289 3130 332 3183 83.

111 3201 128 3255 4
147 3201 203 3258 Hic
221 3200 307 3254 exitur
329 3199 484 3252 Cremonam
503 3193 604 3249 babuit.
640 3194 748 3250 Vocem
766 3195 893 3249 ultimam
913 3210 971 3248 non

75 3283 235 3340 agnoscunt
254 3269 329 3323 Flor.
341 3280 370 3322 et
388 3266 534 3322 Budensis.
571 3266 609 3318 At
632 3265 739 3333 Regius
758 3264 919 3332 Ryckianus
940 3265 968 3318 et

76 3343 162 3395 editio
175 3343 266 3410 prima
285 3340 397 3402 hebent,
415 3337 459 3391 bic
480 3336 564 3389 exitus
587 3334 720 3388 Oremonoe
740 3345 768 3386 et
787 3336 827 3386 sic
840 3351 903 3387 cum
917 3333 968 3388 Er-

76 3423 158 3464 nesto
180 3411 326 3464 edidimus.
374 3408 462 3460 Iidem
484 3405 597 3459 codices
617 3405 690 3458 infra
711 3420 761 3472 pro
785 3403 971 3458 Cremonenses

77 3481 197 3550 captivos
209 3481 335 3534 scribunt
354 3477 552 3532 &emptorem
568 3471 710 3544 captivum,
722 3484 753 3527 ut
771 3484 798 3526 et
816 3467 971 3546 munition-

75 3548 118 3602 tid
135 3567 187 3620 pro
208 3547 429 3620 maguificeotid:
448 3563 508 3614 quae
529 3557 625 3606 tamen
642 3544 971 3612 voxultimeutcumque
1055 3603 1056 3607 Ἰ
1093 3611 1094 3620 ¹

78 3619 146 3672 ferri
169 3637 253 3688 posse
276 3620 386 3672 videtur
415 3615 544 3683 Ernesto,
567 3615 591 3666 si
614 3614 785 3682 intelligatur
807 3612 970 3683 magnitudo

71 3690 175 3755 ‘animi
188 3703 249 3758 quse
261 3690 291 3742 in
302 3685 492 3743 munificentie
504 3685 625 3738 maxime
638 3685 769 3738 cernitur.
