2254 3960
161 363 215 422 216
401 365 439 422 (l.
457 309 575 419 00an
589 357 725 418 'raom
855 375 884 413 a·
901 373 931 413 r.
948 373 974 412 o.
993 353 1057 414 828

90 533 93 544 ·
160 532 257 584 ausus,
303 505 417 572 uosbam
448 508 624 568 Nerviorum
655 499 892 583 Betosiorumque
918 505 948 564 in
981 523 1058 564 arma

118 623 121 634 ν
163 595 257 650 traxit.
323 587 441 648 tsnrtim
454 587 549 662 magis,
563 587 647 661 quim
666 585 755 653 bello,
768 581 969 642 Canninefites
983 583 1058 640 Mar·

163 688 302 746 sucosque
314 667 488 725 incursabat..
521 663 641 732 Vocula,
653 662 803 720 Gallorum
814 661 916 719 frantie
927 661 1057 731 inlectus,
1113 655 1115 670 ⁴

157 749 199 806 nd
212 751 321 806 bostem
333 743 485 803 contendit.
713 763 718 774 ·

202 825 292 883 LVII.
333 821 397 880 Nec
418 817 527 897 proc'ul-
538 817 693 888 Veteribus
712 820 818 888 aberat,
832 835 897 876 cum
917 815 1058 874 Classicus

158 911 195 961 et
215 901 318 970 Tutor,
331 917 386 976 per
398 898 527 979 speciem
550 896 715 971 explorandi
738 895 901 971 praegressi,
921 913 990 952 oum
1012 895 1058 950 du-

73 1027 79 1038 ,
159 981 243 1038 cibus
256 980 464 1034 Germanorum
483 980 565 1058 pacta
584 973 747 1041 firmavere.
789 973 925 1047 Tumque
939 971 1060 1048 primum

160 1056 279 1116 'discreti
297 1074 314 1112 a
332 1052 500 1127 legionibus,
513 1052 631 1123 proprio
653 1053 728 1109 vallo
751 1060 843 1108 castra
868 1069 920 1108 sua
941 1050 1058 1108 circum·

165 1135 241 1203 dant,
255 1135 413 1191 obtestante
433 1127 553 1193 Voculi,
567 1133 574 1160 ‘
587 1124 657 1182 Noti
674 1129 747 1184 aleb
768 1130 908 1186 turbatam
930 1127 1059 1186 civilibus

166 1213 274 1270 ‘armis
294 1229 356 1268 rem
377 1206 539 1272 Romanam,
560 1211 591 1259 ut
610 1201 751 1260 Treveris
772 1207 855 1263 etiam
875 1205 1060 1281 Lingonibus-

167 1299 177 1327 ⁴
192 1276 247 1366 que
255 1285 402 1363 despectui
418 1284 462 1342 sit.
503 1281 660 1355 Superesse
674 1280 742 1338 fidas
750 1281 926 1356 provincias,
938 1284 1059 1341 victores

169 1377 177 1404 ‘
193 1367 347 1434 exercitus,
361 1362 499 1420 fortunam
509 1358 633 1434 imperii,
646 1365 676 1416 et
688 1358 883 1416 ultoresdeos.
924 1361 975 1417 Sic
987 1361 1061 1430 olim,

162 1457 178 1484 ·⁸
194 1445 375 1504 Sacrovirum
388 1447 418 1496 et
430 1438 548 1505 munos,
561 1455 666 1511 nuper,
680 1436 822 1494 vindicem
832 1435 1001 1514 Galliasque
1009 1438 1060 1494 sin·
1113 1427 1115 1522 i

170 1536 178 1560 ·
192 1524 263 1596 gulis
277 1519 384 1595 proeliis
393 1515 558 1574 concidisse.
602 1513 709 1570 Eadem
718 1532 815 1571 rursus
826 1515 951 1584 numina,
963 1514 1059 1572 eadem
1114 1525 1115 1528 ’

169 1609 177 1636 ‘
192 1599 256 1667 fata,
270 1605 401 1673 ruptores
414 1593 554 1648 foederum
567 1597 774 1666 exspectarent.
798 1593 801 1602 ’
816 1591 919 1649 Melius
933 1593 1002 1650 divo
1015 1592 1060 1648 Ju-

165 1687 178 1714 r
193 1676 242 1743 lio,
256 1675 378 1748 divoque
392 1671 516 1744 Augusto
529 1677 611 1727 notos
621 1687 722 1726 eorum
732 1669 848 1738 animos.
889 1669 1024 1740 Galbam,
1035 1677 1061 1726 et

170 1751 312 1810 ‘infracta
342 1747 461 1806 tributat
493 1747 610 1804 hostiles
643 1747 758 1822 spiritus
790 1747 924 1804 induisse.
982 1747 1063 1804 Nune

168 1831 301 1898 ‘hostes
324 1827 389 1903 quia
408 1826 494 1884 molle
516 1824 687 1883 servitium:
709 1825 773 1882 crim
793 1825 904 1902 spoliati
929 1826 1063 1902 exutique

166 1919 178 1948 ⁴
193 1907 309 1976 suerint,
333 1906 436 1962 amicos
462 1903 546 1961 fore’
588 1902 660 1959 Haec
681 1901 819 1962 ferociter
841 1904 964 1972 locutus,
989 1909 1062 1978 post·

171 2003 253 2065 quam
295 1991 424 2061 perstare
457 1983 497 2038 iu'
524 1979 644 2056 pertidiat
676 1979 833 2038 Classicum
850 1979 1063 2058 Tutoremque

167 2067 258 2135 videt,
271 2082 357 2122 verso
380 2063 492 2130 itinere,
513 2059 671 2116 Novesium
692 2060 831 2117 concedit.
861 2059 960 2129 Galli,
982 2059 1062 2116 duum

170 2145 288 2204 millium
314 2143 403 2218 spatio
428 2138 593 2196 distantibus
626 2139 743 2212 campis,
760 2133 937 2195 ”consedere
996 2138 1063 2194 llluc
1113 2183 1114 2215 ,

169 2216 385 2280 commeantium
406 2217 603 2274 centurionum
622 2215 798 2290 militumque
819 2217 988 2273 emebantur
1008 2215 1061 2272 ani·
1113 2239 1114 2244 ¹

143 2346 147 2354 .
172 2299 220 2364 mi,
234 2305 265 2352 ut
278 2296 425 2374 (flagitium
445 2293 629 2372 incognitum)
645 2291 788 2350 Romanus
809 2293 953 2351 exercitus
973 2293 1003 2349 in
1016 2309 1060 2350 ex·
1112 2345 1114 2382 4

167 2380 252 2430 terna
265 2374 353 2430 verba
367 2371 507 2445 jurarent,
522 2371 679 2446 pignusque
698 2372 769 2428 tanti
790 2371 919 2439 sceleris,
934 2387 1006 2427 nece
1018 2375 1062 2430 aut
1113 2383 1114 2402 ¹

169 2448 291 2508 vinculis
299 2449 453 2522 legatorum
463 2447 588 2504 daretur.
629 2447 749 2518 Vocula,
758 2465 925 2524 quamquam
934 2447 1062 2522 plerique

171 2527 266 2608 fugam
287 2526 450 2593 suadebant,
472 2523 630 2584 audendum
652 2534 740 2596 ratus,
754 2527 854 2584 vocati
874 2524 1062 2592 concionem

170 2606 247 2674 buno
260 2604 372 2662 modum
385 2603 524 2661 disseruit.
1113 2621 1114 2628 .

211 2682 316 2742 LVlll.
358 2681 542 2756 ‘Numquam
565 2681 638 2758 apud
660 2697 712 2738 vos
738 2683 830 2740 verba
852 2679 919 2749 seci,
944 2687 990 2738 aut
1011 2699 1063 2756 pro

174 2772 182 2796 ‘
196 2762 277 2818 vobis
287 2759 448 2828 sollicitior,
462 2766 508 2816 aut
527 2777 580 2832 pro
593 2777 640 2816 me
653 2760 792 2817 securior.
833 2757 909 2816 Nam
921 2759 990 2816 mibi
1003 2759 1062 2814 exi·

175 2840 266 2895 ‘tium
289 2839 392 2915 parari,
416 2838 507 2894 libens
528 2837 634 2894 audio:
665 2844 843 2913 mortemque
868 2835 897 2892 in
921 2844 963 2894 tot
986 2835 1065 2892 malis

179 2916 321 2972 ‘hostium
336 2923 367 2971 ut
387 2913 487 2971 finem²
509 2914 688 2972 miseriarum
712 2923 858 2990 exspecto.
903 2913 1000 2972 Vestri
1019 2930 1064 2968 me

177 3001 185 3025 ⁴
200 2991 287 3067 pudet
300 2990 482 3067 miseretque,
496 2991 630 3050 adversus
644 2999 714 3066 quos
733 3011 789 3049 uon
803 2990 937 3068 proelium
951 2999 980 3047 et
993 2991 1063 3048 acies

176 3073 356 3145 ‘parantur;
387 3067 419 3124 id'
440 3068 516 3126 enim
546 3067 587 3125 fas
610 3068 756 3128 ‘armorum
782 3079 812 3126 et
836 3069 888 3148 jus
920 3069 1061 3126 hostium:

211 3171 227 3222 1
246 3169 365 3238 infredo
382 3166 490 3222 tritecto.
526 3167 618 3222 Galba
636 3171 802 3238 quibusdam
814 3169 974 3226 civitatibus
986 3186 1062 3239 quar·
1112 3199 1113 3202 ¹

177 3252 234 3293 tam
247 3240 412 3291 tributorum
424 3249 531 3306 partem
543 3240 697 3293 remiserat.

210 3308 229 3359 2
246 3309 280 3360 In
291 3313 327 3360 tot
338 3306 417 3361 molis
428 3305 542 3368 bostium
553 3313 584 3362 ut
592 3309 686 3378 finem.
723 3309 792 3363 Haeo
810 3310 910 3363 merito
922 3310 1064 3379 displicent

176 3374 280 3440 lipsio,
292 3377 339 3442 qui
348 3378 497 3445 legendum
506 3389 610 3443 censet,
619 3379 664 3432 vel
670 3384 778 3448 portum
787 3380 908 3449 etflnern
920 3380 965 3432 vel
978 3381 1062 3432 bom·

175 3446 282 3503 tam,ut
320 3460 377 3496 nera
399 3446 558 3501 Gronovius
577 3448 694 3501 Observ.
714 3449 931 3514 l,14.malebat
952 3449 1062 3503 otiumet
1111 3459 1113 3504 l

171 3507 254 3574 finem
305 3523 414 3580 mestus
433 3529 497 3566 cum
518 3517 645 3570 Acidalio
665 3532 764 3572 vocem
785 3519 901 3572 bostium
920 3519 1063 3574 delendam

175 3584 265 3640 putat,
277 3587 305 3630 et
317 3579 372 3631 huo
384 3583 456 3632 male
468 3593 587 3641 tractam
597 3603 614 3640 e
626 3589 763 3656 proximo,
775 3589 823 3642 ubi
828 3588 880 3658 jus
890 3589 1017 3644 bostium.
1055 3645 1061 3654 ,
