2214 3986
130 306 188 364 aar
420 303 453 360 c.
471 296 586 362 cona.
603 295 741 362 raom
771 278 775 286 '
829 320 859 359 a.
876 321 903 360 u.
921 319 949 360 c.
968 297 1042 362 see.

135 453 264 523 militem,
291 461 320 512 et
344 453 461 512 ducibus
482 452 631 514 infensum.
683 453 795 520 Plures,
820 453 904 528 quim
921 468 1041 527 jussum

85 569 88 576 ι
136 533 208 601 erat,
222 530 353 608 profecti,
368 532 458 606 palam
478 531 507 587 in
531 531 641 604 agmine
662 528 831 598 fremebant,
847 537 925 586 ‘non
945 532 1040 588 seul-

138 611 205 666 ‘tri
230 607 341 678 famem,
363 608 475 666 insidias
501 608 659 682 legatorum
682 607 874 665 toleraturos)
903 608 964 675 ott,
988 607 1041 682 qni

138 693 338 754 remanserant,
365 685 516 762 ‘desertos
542 704 585 755 se,
612 686 730 750 abducti
763 691 846 759 parte
870 683 1039 770 legionum,¹

159 765 338 822 uerebantur.
381 763 497 838 Duplex
518 762 586 820 hinc
612 763 723 832 seditio,
746 763 807 820 aliis
832 761 1040 822 revocantibus

138 783 285 909 Voculam,
300 841 361 898 aliis
375 841 471 898 redire
484 841 513 897 in
526 841 618 898 'castm
631 841 827 907 abnuentibus.
993 879 997 884 -

177 914 312 974 XXXVI.
355 915 472 976 Interim
492 917 593 976 Civilis
614 917 723 976 Vetera
743 917 934 976 circumsedit.
979 915 1041 992 Vof

138 995 491 1071 culasGeldnbamsatque
510 996 576 1053 inde
596 995 753 1054 Noresium
767 995 917 1054 concessit.
961 994 1039 1054 Ciri-

136 1071 173 1128 lis
186 1074 262 1148 capit
274 1073 445 1136 Geldubam.
486 1071 566 1142 Mox,
580 1074 654 1131 haud
668 1075 769 1149 procul
783 1071 926 1142 Naresio,
935 1091 1039 1150 eques·

138 1149 176 1206 tri
196 1151 300 1225 proelio
324 1169 464 1228 prospere
486 1147 612 1209 certarit.
657 1151 713 1211 Sed
733 1149 815 1210 miles
836 1151 971 1222 secundis
995 1152 1039 1210 ad·

140 1229 300 1304 versisque,
314 1229 433 1304 perinde
449 1227 478 1286 in
495 1229 611 1288 exitium
624 1229 728 1296 ducum
741 1229 962 1288 accendebatur.
1005 1229 1040 1288 Et

141 1305 263 1364 adventu
284 1307 480 1382 quintanorum
503 1307 864 1382 quintadecimanorumque
887 1316 982 1366 auctae
1000 1309 1039 1366 le·

106 1443 109 1448 ,
140 1382 249 1454 glories,
274 1383 479 1442 ‘donativum'
496 1391 664 1460 exposcunt,
685 1392 833 1460 comperto
854 1384 1039 1459 pecuniama

141 1457 257 1518 Vitellio
281 1462 401 1518 missam.
444 1460 507 1520 Nec
534 1462 582 1519 diu
601 1461 968 1532 cunctatusflordeonius,
992 1483 1039 1522 no-

139 1535 392 1616 mineVespasiani
400 1533 494 1596 dedit.
533 1538 622 1615 ldque
635 1540 813 1615 praecipuum
826 1539 879 1598 fuit
891 1539 1037 1599 seditionis

141 1611 310 1671 alimentum.
365 1614 454 1672 Effusi
476 1616 505 1672 in
526 1617 624 1675 luxum
646 1626 676 1675 et
695 1619 805 1694 epulas,
827 1626 858 1676 et
883 1628 1038 1678 nocturnos

140 1695 241 1757 coetus,
255 1699 384 1750 veterem
403 1694 433 1750 in
453 1691 649 1753 Hordeonium
663 1695 735 1754 iram
747 1703 896 1766 renouant
911 1715 968 1769 pec
983 1699 1036 1755 ullo

139 1764 305 1838 legatorum,
316 1771 531 1832 tribunorumve
547 1773 692 1832 'obsistere
706 1793 772 1832 auso
788 1774 911 1852 (quippe
926 1793 1039 1834 omnem

116 1875 122 1884 ·
139 1843 279 1916 pudorem
299 1865 355 1907 uox
375 1848 531 1928 ademerat)
560 1858 772 1926 protractume
790 1853 878 1909 ¹cubili
901 1852 1037 1924 interlici-

140 1929 199 1978 unt.
241 1923 348 2000 Eadem
362 1927 390 1985 in
404 1926 541 1986 Voculam
555 1931 737 2005 parabantur,
751 1929 804 1987 nisi
817 1929 917 1989 servili
931 1931 1040 2010 habim,

137 2011 195 2077 per
214 2003 356 2077 tenebras,
371 2005 512 2083 ignoratus
532 2006 677 2066 ermisset.
720 2003 788 2077 Ubi,
801 2001 898 2065 sedato
919 2006 1035 2084 impetn,

140 2087 231 2141 metus
259 2085 343 2144 rediit
359 2099 374 2143 :'
401 2086 581 2166 centuriones
607 2105 684 2167 cum·
698 2085 825 2161 epistolis
849 2085 885 2142 ad
908 2085 1035 2146 civitates

141 2157 295 2220 Galliarum
310 2165 422 2236 misere,
437 2163 539 2222 auxilia
553 2157 585 2222 ac
595 2163 734 2242 stipendia
749 2171 887 2231 oraturos.
915 2187 936 2212 ι.

180 2238 330 2296 XXXVII.
373 2241 441 2315 Ipsi,
455 2249 486 2298 ut
504 2248 547 2298 est
556 2242 659 2316 ‘vulgans
679 2242 740 2300 sine
760 2249 874 2300 rectore
894 2260 1033 2320 praeceps,

139 2313 283 2389 pavidum,
309 2335 417 2386 socors,
442 2319 609 2376 adventante
631 2318 742 2387 Civile.
763 2319 849 2394 raptis
868 2327 980 2378 temere
994 2341 1034 2380 ar·

112 2399 117 2406 “
137 2389 250 2458 mis‚.ac
264 2393 360 2458 ¹statim
380 2395 499 2463 omissis,
513 2396 541 2454 in
555 2395 648 2470 fugam
661 2397 820 2456 verttmtur.
863 2395 922 2455 Res
937 2398 1033 2457 adver·

139 2485 180 2528 βω
201 2467 370 2538 discordiam
390 2477 555 2544 peperere'3
576 2473 622 2539 iis,
636 2474 684 2546 qui
698 2474 883 2548 eruperiore
908 2477 1033 2550 eremita

142 2551 232 2616 erant,
259 2565 370 2604 causam
402 2565 480 2604 suam
502 2547 747 2614 ,dissonantibusl
801 2549 910 2608 Vitellii
944 2560 1034 2614 tamen

139 2623 285 2698 imagines,
311 2625 340 2681 in
366 2625 474 2693 castris,
498 2633 528 2684 et
549 2643 607 2700 per
621 2627 763 2701 proximas
786 2627 941 2702 Belgarum
967 2632 1032 2690 civi·

141 2707 223 2771 tates,
249 2701 393 2778 repositae,
419 2703 481 2760 ciam
503 2703 563 2779 jam
590 2703 723 2761 Vitellius
746 2705 905 2766 occidisset.
962 2707 1033 2768 Dein

131 2780 238 2847 mutati
260 2781 289 2837 in
310 2781 502 2856 poenitentiam
522 2782 652 2856 primani,
675 2779 870 2866 quartanique,
884 2792 914 2842 et
936 2785 1031 2846 ducet·

118 2859 120 2864 '
140 2855 312 2926 vicesimam,
328 2858 464 2916 Voculam
484 2866 640 2936 sequqntur
655 2881 662 2916 :
677 2861 759 2936 ,apud
771 2850 874 2937 quein,
890 2872 1031 2941 resmnpto

141 2929 307 3007 Vespasiani
330 2943 514 3005 sacramento,
542 2937 575 2993 ad
595 2937 770 2996 liberandum
793 2937 1029 3020 ngontiaciob·

140 3008 240 3066 sidium
266 3011 448 3071 ducebantur.
504 3013 700 3073 Discesserant
731 3017 905 3086 obsessores,
932 3018 1029 3090 mixtim

127 3103 177 3150 'ex
199 3086 300 3166 Cattis,
324 3087 441 3168 Usipiis,
464 3090 603 3150 Mattiacis
627 3095 780 3163 exercitus,
802 3095 935 3154 'satietate
959 3115 1026 3172 prae·

139 3243 166 3322 et
175 3243 371 3309 wanadecima
388 3245 547 3316 legioniba
584 3221 857 3309 Quartodecimum
874 3252 903 3306 in
923 3251 1028 3307 Britan·

138 3321 215 3361 mam
227 3314 339 3368 miserat
352 3315 487 3370 Vitellius.

136 3376 331 3500 mplebcpnupam'
350 3391 429 3474 arpos
457 3361 675 3448 dissonantibus.
722 3389 799 3484 aaa
825 3387 1027 3463 Vespasianum
