2214 3986
92 245 127 316 Ἰ
163 301 213 361 lm
247 313 265 348 ἰ
436 303 471 358 0.
490 279 755 358 coerulum
873 293 1053 355 amuda

96 461 100 470 ·
166 481 181 509 ,.
193 432 267 498 Ἡ.
308 438 416 508 Batavi,
430 423 493 497 cirin
505 439 604 496 castris
613 433 810 495 Bonnensibus
818 434 1051 516 propinquarent,

165 517 328 596 praemisere
342 517 389 592 qui
412 515 559 573 Herennio
579 515 662 572 Gallo
682 513 811 570 mandata
829 511 991 569 cohortium
1004 529 1050 590 ex—

126 613 137 644 ²
165 603 293 672 poneret.
334 592 546 662 ‘Nullumoibi
565 593 672 650 bellum
685 589 819 648 adversus
833 587 988 657 Romanos,
1001 605 1050 664 pro

166 675 288 748 ‘quibus
307 670 408 728 totiens
428 669 591 726 bellassent.
631 668 727 740 Longi
748 674 832 740 atque
852 665 1051 732 initu-muttit

161 741 173 782 '‘
188 749 278 818 fessis,
292 739 389 822 patriae
410 753 493 821 atque
513 745 562 802 otii
576 745 735 819 cupidinem
748 761 837 801 esse·
863 741 893 798 si
906 760 992 798 nemo
1004 745 1050 799 ob-

165 835 172 859 ‘
186 827 309 893 sisteret,
322 824 465 882 innoxium
478 822 534 881 iter
547 820 609 880 sore
623 844 630 892 ;
650 823 695 880 sin
708 839 786 880 arma
799 826 962 888 occurrant,
977 819 1049 878 ferro

164 903 266 972 ‘riam
283 895 468 961 inventuros?
509 898 693 956 Cunctantem
716 900 838 972 legatum
859 895 965 962 milites
989 902 1049 972 pe‘r·

163 979 304 1052 pule'rant,
326 975 487 1034 ‘fortunam
512 976 607 1049 proelii
628 974 838 1050 experiretur.²‘
872 973 946 1028 Tria
970 976 1051 1031 millia

163 1055 391 1130 legionariorum,
406 1061 435 1110 et
447 1052 632 1113 tumultuariae
647 1051 798 1125 Belgarum
812 1050 959 1118 cohortes,
973 1053 1051 1108 simul

164 1129 332 1206 paganorum
355 1131 530 1204 lixarumque
552 1129 662 1202 ignava,
676 1128 726 1200 sed
746 1143 852 1202 procax
865 1135 929 1183 ante
941 1129 1050 1200 pericu·
1097 1197 1098 1208 χ

164 1211 221 1268 lum
234 1229 340 1276 manus,
355 1209 482 1266 omnibus
496 1206 584 1280 portis
598 1212 759 1280 erumpunt,
774 1213 804 1276 ut
817 1204 943 1260 Batavos
957 1225 1050 1262 nume·
1097 1243 1098 1284 1

165 1301 198 1344 ro
211 1287 332 1362 impares
346 1281 576 1342 dircutnlundant.
619 1282 674 1350 llli,
688 1288 803 1350 veteres
815 1279 951 1349 milities
964 1284 994 1340 in
1007 1303 1050 1340 cu·

164 1381 233 1421 neos
253 1369 465 1436 congregantur,
477 1359 557 1430 densi
579 1359 712 1434 nudique,
729 1365 759 1414 et
777 1357 898 1417 frontem
919 1363 1050 1436 tergaque

165 1459 196 1496 ao
210 1439 280 1496 latus
293 1437 353 1495 tuti.
395 1437 441 1492 Sic
461 1443 575 1492 tenuem
587 1446 747 1494 nostrorum
761 1436 849 1504 aciem
862 1434 1048 1512 perfringunt.

165 1515 337 1580 Cedentibqs
357 1512 462 1584 Belgis,
481 1504 598 1588 pellitur
619 1513 703 1586 legio,
722 1521 751 1569 et
770 1512 877 1569 vallum
900 1523 1050 1590 portasque

164 1591 266 1664 trepidi
276 1590 428 1665 petebant.
471 1587 513 1644 lbi
532 1589 683 1662 plurimum
696 1590 805 1660 clodis;
826 1591 977 1648 cumulatae
991 1612 1049 1649 cor-

163 1668 278 1740 poribus
287 1667 368 1724 fossae
382 1688 389 1722 ε
410 1684 465 1722 nec
475 1665 554 1722 caede
565 1667 669 1724 tantiam
678 1675 706 1724 et
714 1666 890 1735 vulneribus,
899 1668 952 1724 sed
963 1671 1050 1740 ruini,

162 1750 191 1800 et
204 1744 259 1801 suis
274 1746 403 1820 plerique
417 1742 480 1799 telis
498 1742 642 1799 interiere.
685 1743 819 1805 Victores
829 1744 939 1800 colonia
955 1748 1050 1822 Agrip

162 1819 319 1894 pineusium
332 1821 426 1889 vitati,
440 1819 508 1876 nihil
519 1828 617 1877 cetero
630 1821 658 1877 iu
669 1821 771 1886 itinere
781 1820 883 1878 hostile
895 1823 967 1890 ausi,
979 1823 1050 1879 Bon·

162 1916 249 1956 nense
269 1901 400 1974 proelium
414 1898 600 1972 ercumbam-c:
623 1904 763 1972 tamquam
776 1897 863 1972 petiti
877 1917 963 1973 pace,
978 1891 1059 1976 post·¹
1096 1935 1097 1940 κ

162 1981 244 2050 quam
258 1979 417 2050 negabatur,
428 1975 542 2038 sibimet
554 1973 609 2048 ipsi
621 1976 834 2034 consuluissent.

199 2053 298 2110 xxi«
321 2053 420 2112 Civilis
434 2053 554 2130 adventu
575 2058 772 2110 veteranarum
793 2052 965 2125 cohortium,
983 2057 1050 2132 justi

154 2131 217 2203 jam
243 2133 387 2190 exercitus
409 2131 518 2197 ductor,
544 2129 595 2186 sed
626 2130 734 2186 consilii
760 2130 913 2202 ambiguus,
939 2135 970 2189 et
994 2135 1050 2190 vim

161 2205 315 2263 Romanam
328 2215 472 2281 reputans,
486 2213 601 2262 cunctos
621 2207 669 2281 qui
690 2206 806 2264 aderant
827 2208 856 2264 in
874 2210 966 2265 rerba
979 2209 1050 2267 Ves-
1096 2227 1097 2266 l

159 2282 263 2354 pasiani
277 2283 382 2356 adigit:
404 2282 542 2356 mittitque
564 2283 668 2356 legatos
689 2285 724 2339 ad
741 2284 808 2341 duas
822 2285 959 2358 legiones,
973 2307 1048 2362 quae,

160 2356 257 2430 priore
278 2358 339 2414 acie
361 2359 460 2432 pulsae,
474 2359 502 2430 in
524 2359 630 2416 Vetera
651 2369 742 2419 cestra
764 2372 973 2433 concesserant,
998 2371 1049 2420 ‘ut

160 2433 256 2490 ‘idem
288 2441 491 2492 sacramentum
523 2438 708 2512 amiperentst
761 2434 900 2496 Redditur
930 2461 1049 2516 respon-

159 2518 229 2580 sum,
257 2520 373 2589 ‘neque
406 2511 569 2592 proditoris,
595 2533 688 2590 neque
705 2517 836 2580 ,hostium
862 2535 894 2574 se
923 2519 1049 2575 consiliis

159 2590 231 2646 ‘uti
272 2589 342 2648 Esse
352 2591 415 2649 sibi
438 2587 583 2659 Vitellium
607 2592 779 2668 Principem,
801 2599 853 2670 p'ro
878 2609 935 2669 quo
961 2595 1048 2654 fidem

159 2671 220 2724 ‘et
236 2667 313 2726 arma
337 2687 426 2744 usque
449 2668 482 2724 ad
515 2687 677 2743 supremum
706 2670 835 2746 spiritum
860 2681 1045 2731 retenturos:

158 2743 299 2820 ‘proinde
329 2746 446 2822 perfuga
463 2745 595 2820 ¹Batavus
624 2747 758 2804 arbitrum
788 2768 884 2806 rerum
908 2748 1047 2808 Romana-

157 2832 243 2900 ‘urum
263 2842 300 2890 ue
320 2822 441 2896 ageret,2
454 2825 503 2880 sed
529 2825 641 2880 meritas
664 2826 789 2882 sceleris·
807 2835 1047 2906 poenas'exspec-

156 2901 272 2956 ‘taret’
314 2900 384 2968 Quae
409 2901 456 2958 ubi
482 2902 569 2958 relata
589 2891 684 2970 Civili,
706 2903 835 2960 incensus
856 2905 909 2973 iri,
931 2904 1044 2966 univer·
1095 2935 1096 2964 ;

154 2994 213 3033 com
226 2975 394 3034 Batavorum
405 2985 517 3052 gentem
530 2979 648 3062 inerma
660 2981 741 3055 rapit.
783 2979 1045 3061 JungunturBruc·
1095 2989 1096 3008 ³

189 3177 202 3228 1
228 3175 327 3229 Veteres
343 3175 457 3232 nitria·
489 3177 601 3232 Phrasis
620 3177 795 3244 Corneliana,
808 3196 894 3248 quam
911 3196 947 3234 ex
967 3177 1044 3234 Flor.

129 3245 271 3296 ·rostituit
284 3245 414 3302 Picheno.
451 3247 498 3298 Sic
517 3249 581 3300 alibi
593 3252 673 3300 ‘octus
690 3247 777 3318 operia
793 3267 825 3302 oc
839 3249 947 3316 laboris.
983 3248 1044 3302 Set-

61 3311 65 3320 '
153 3311 226 3360 cotie
239 3312 488 3381 cerimoniarumque
499 3322 580 3370 octus.
622 3317 702 3371 Vetus
712 3316 889 3385 agaunos

185 3378 342 3430 2Botoouo
366 3381 562 3436 arbitrum-ue
582 3390 679 3452 ageret.
721 3387 765 3438 Ita
785 3387 852 3438 editi
876 3398 905 3440 et
926 3386 1042 3450 eodinus

151 3443 335 3497 ureterFlor.
347 3458 375 3498 et
387 3449 516 3515 Regium,
528 3454 575 3518 qui
593 3454 697 3506 habent
714 3453 874 3508 arbitrium:
885 3455 969 3523 quod
980 3453 1041 3506 vul·

152 3509 337 3577 gatonprefart
348 3513 374 3564 Ι»
388 3515 554 3573 Gronovius.
590 3520 647 3576 Sed
659 3522 734 3578 idem
741 3521 878 3592 loquendi
890 3537 984 3592 genua
991 3536 1043 3576 ec-
1095 3497 1096 3561 l

148 3577 244 3630 curru,
255 3571 328 3622 Anu.
341 3577 382 3642 13,
396 3579 437 3630 14.
821 3581 828 3597 ’

1094 3733 1095 3760 l
