2254 3960
124 328 178 388 ess
426 332 459 389 c.
476 330 590 390 coar.
606 294 746 386 'rectu
789 302 793 311 “
839 347 867 384 a.
886 287 913 386 s.
933 347 961 385 ο.
979 329 1047 386 sss.

126 497 236 556 ponere
257 479 375 548 electos,
387 479 482 542 audire
504 479 684 555 praepositos,
697 495 781 536 nosse
795 477 921 545 ordines,
932 477 1044 551 iutelli-

57 564 63 574 ’
125 574 195 631 gere
209 557 380 625 occasiones,
390 553 505 612 differre
519 557 652 630 impetus,
666 555 819 630 disponere
833 555 921 623 diem,
935 555 1046 611 vallare

125 641 250 704 noctem,
264 633 400 700 fortunam
413 633 487 690 iuter
498 633 595 707 dubia,
609 633 744 690 virtutem
762 633 837 690 iuter
851 638 931 688 certa
944 650 1044 688 nume-

126 727 209 768 rare:
233 709 361 786 quodque
388 709 571 778 rarissimum,
595 729 649 768 neo
675 710 727 768 nisi
754 709 862 768 ratione
885 708 1045 786 disciplinae

125 805 301 855 concessum,
325 787 389 860 plus
414 804 558 861 reponere
583 787 718 854 induce,
732 789 820 861 'quim
847 787 876 864 iu
901 787 1044 844 exercitu.

127 862 217 922 Omne
243 865 331 924 robur
352 865 380 920 iu
406 864 513 938 pedite,
541 883 626 940 quem
651 883 738 940 super
761 881 839 932 arma
864 862 1046 920 ferramentis

146 957 237 1015 uoque
251 948 281 998 et
293 942 524 1022 copiisfoueraut„
542 965 547 968 ·
566 942 646 998 Alios
665 941 699 998 ad
719 941 852 1016 proelium
871 939 916 996 ire
936 940 1044 1009 videas,

125 959 221 1086 IIattos
235 1018 268 1074 ad
278 1019 403 1086 bellum:
427 1019 485 1076 rari
499 1037 634 1076 excursus
648 1026 678 1076 et
688 1019 800 1078 fortuita
809 1037 909 1092 pugna.
932 1016 1044 1092 Eques·

124 1094 209 1150 trium
222 1097 287 1152 sane
301 1096 406 1153 virium
418 1097 446 1152 id
460 1097 618 1172 proprium,
631 1097 689 1154 cito
700 1114 802 1172 parare
817 1095 978 1163 victoriam,
987 1095 1043 1151 cito

125 1171 241 1233 cedere.
285 1172 428 1232 Velocitas
446 1174 527 1249 juxta
549 1172 742 1250 formidinem,¹
758 1172 899 1230 cunctatio
912 1172 1045 1247 'propior

126 1251 290 1308 constantiae
304 1260 357 1309 est.
865 1277 873 1291 ·

165 1327 274 1387 XXXI.
297 1329 334 1388 Et
343 1330 403 1400 eliis
416 1323 622 1390 Germanorum
637 1329 748 1404 populis
754 1335 927 1406 ⁸usurpatum
940 1329 1006 1383 rara
1017 1335 1044 1384 et

126 1404 239 1478 privat&
252 1407 389 1483 cujusque
404 1405 542 1474 audentia,
557 1406 629 1482 apud
639 1405 736 1462 Cattos
751 1405 779 1466 iu
792 1423 963 1462 consensum
976 1423 1042 1462 rer-

126 1481 170 1550 tit,
184 1489 215 1541 ut
228 1483 348 1557 primirm
358 1485 543 1552 adoleverint,
554 1484 662 1542 crinem
672 1484 842 1558 barbamque
853 1483 1041 1550 summittere,

126 1576 192 1627 nec,
208 1560 261 1616 uisi
276 1561 355 1618 hoste
369 1565 455 1627 ceso,
470 1579 578 1618 exuere
591 1562 718 1618 votivum
727 1561 933 1634 obligatumque
950 1561 1045 1618 virtuti

126 1635 184 1692 oris
198 1635 331 1692 habitum.
373 1637 466 1710 Super
483 1639 644 1710 sauguinem
658 1646 687 1697 et
700 1639 802 1712 spolia,
817 1635 949 1694 revelant
967 1635 1041 1693 frou-

125 1715 193 1780 tem,
207 1729 297 1786 seque
309 1721 317 1746 ‘
328 1713 384 1770 tdm
398 1713 509 1770 demum
524 1714 615 1788 pretia
629 1715 761 1772 uescendi
776 1714 918 1780 retulisse,
932 1714 1041 1787 dignos·

126 1795 134 1820 ‘
150 1805 205 1862 que
219 1789 311 1862 patrib
325 1808 357 1847 ac
371 1790 544 1865 parentibus’
560 1789 664 1848 serant.
707 1792 816 1866 Ignavis
837 1797 866 1848 et
878 1792 1041 1848 imbellibus

124 1873 219 1942 manet
244 1869 367 1942 squalor.
419 1867 598 1926 Fortissimus
625 1869 753 1944 quisque·
771 1869 896 1938 ferreum
924 1862 1042 1944 ins'uper

126 1943 259 2014 annulum
280 1944 508 2024 (ignominiosum
527 1945 554 2001 id
567 1945 668 2024 genti,)
684 1948 762 2004 velut
776 1947 929 2012 vinculum,
943 1954 1041 2019 gestat,

126 2020 217 2080 donec
231 2039 262 2080 se
283 2023 362 2082 cede
382 2023 470 2083 hostis
491 2018 638 2082 absolvat!
669 2021 801 2082 Plurimis
825 2021 974 2080 Cattorum
997 2024 1042 2080 hic

125 2098 221 2180 placet
244 2099 363 2159 habitus.
405 2099 524 2178 Jamque
550 2108 650 2157 canent
669 2101 802 2175 insignes,
817 2107 846 2157 et
864 2100 992 2157 hostibus
1003 2101 1040 2162 si-

124 2178 184 2240 mul
205 2177 319 2252 suisque
341 2178 505 2236 monstrati:
528 2177 651 2236 omnium
667 2197 755 2254 penes
776 2179 828 2235 hos
842 2177 922 2234 initia
935 2193 1040 2252 pugua-

125 2265 207 2306 rum:
230 2249 293 2307 haec
316 2257 407 2325 primo
426 2275 542 2326 semper
562 2256 648 2321 ecies,
663 2255 726 2314 visu
739 2275 822 2314 nova.
865 2254 950 2324 Nam,
964 2256 1041 2316 usia

124 2343 196 2400 pace
217 2326 340 2399 quidem,
356 2329 434 2387 vultu
454 2329 568 2384 mitiore
589 2338 794 2388 mansuescunt.
836 2324 916 2384 Nulli
930 2329 1039 2398 domus,

121 2407 172 2458 eat
191 2420 276 2476 ager,
295 2411 341 2459 aut
362 2404 453 2478 aliqua
474 2424 565 2467 cura:
589 2407 673 2480 prout
696 2407 730 2464 sd
757 2423 898 2482 quemque
921 2408 1040 2476 venere,

125 2477 255 2536 aluntur:
278 2479 386 2555 prodigi
408 2481 502 2550 alieni,
517 2489 727 2558 contemptores
749 2484 812 2543 sul:
834 2484 926 2541 donec
940 2501 1036 2541 exeam

123 2557 185 2632 guis
198 2567 328 2615 senectus
342 2565 397 2614 tam
409 2557 488 2620 dure
502 2559 600 2616 virtuti
613 2561 737 2636 impares
750 2559 840 2618 faciat.

163 2635 286 2694 XXXII.
309 2635 433 2698 Proximi
445 2636 533 2694 Cattis
543 2645 653 2694 certum
661 2639 721 2713 jam
732 2641 814 2696 alueo
826 2637 970 2708 Rhenum,
980 2641 1040 2716 qui·

124 2729 180 2786 que
203 2715 339 2776 terminus
361 2731 424 2772 esse
450 2714 578 2782 sufficiat,
600 2713 693 2792 Usipii
714 2736 745 2774 ac
766 2715 906 2778 Tencteri
934 2718 1039 2784 colant.

124 2787 275 2860 Tencteri,
294 2809 382 2868 super
399 2792 511 2854 solitum
532 2793 673 2850 bellorum
689 2795 787 2862 decus,
802 2795 944 2868 equestris
958 2795 1039 2852 disci-

122 2867 207 2942 pliuae
222 2875 281 2926 arte
295 2869 472 2944 praecellunt.
514 2868 578 2926 Nec
597 2871 688 2944 major
707 2870 781 2946 apud
802 2869 899 2931 Cattos
914 2871 1038 2946 peditum

123 2943 193 3013 laus,
214 2947 297 3033 quam
319 2943 470 3004 Tencteris
491 2946 625 3024 equitum.
667 2947 713 3005 Sic
737 2948 883 3005 instituere
906 2949 1037 3027 majores,

122 3030 229 3094 posteri
242 3023 393 3080 Imitentur.
415 3023 454 3079 Hi
466 3025 543 3085 lusus
556 3023 711 3094 infantium,
724 3026 788 3082 hec
796 3025 937 3100 juvenum
952 3045 1036 3084 emu-

120 3097 198 3169 latio,
207 3108 393 3174 perseveraut
402 3117 486 3158 senes
498 3123 506 3158 :
528 3101 603 3178 inter
613 3100 753 3171 familiam,
765 3110 793 3174 et
802 3110 930 3178 penates,
940 3109 969 3160 et
972 3105 1037 3179 jura

121 3177 340 3245 successionum,
354 3179 420 3252 equi
441 3177 588 3235 traduntur
603 3201 611 3242 z
632 3179 740 3254 excipit
757 3179 844 3249 tilius,
864 3189 978 3256 uou„ut
990 3199 1036 3239 ce·

121 3255 194 3318 tero,
208 3250 342 3325 maximus
355 3262 435 3322 natu,
446 3255 497 3310 sed
517 3257 601 3329 probt
614 3255 697 3312 ferox
711 3257 832 3316 belloet
843 3257 959 3314 melior.

159 3324 296 3383 XXXIII.
326 3329 411 3387 Juxta
425 3329 587 3389 Tencteros
601 3332 734 3392 Bructeri
748 3333 815 3392 olim
829 3336 1033 3394 occurrebant:

119 3411 193 3474 nuuc
203 3399 360 3464 Chamavos
370 3414 404 3462 et
416 3405 598 3478 Angrivarios
609 3409 783 3484 immigrasse
797 3418 939 3479 narratur,
950 3414 1037 3488 pulsis

120 3463 265 3526 Bructeris
276 3495 307 3558 ac
321 3481 431 3558 penitus
441 3482 553 3550 excisis,
565 3485 722 3546 vicinarum
732 3489 1035 3564 cousensuuatiouum,

118 3549 170 3625 §su
183 3547 324 3634 superbie
338 3554 415 3623 odio,
429 3573 480 3612 seu
489 3560 596 3637 prede
609 3561 772 3634 dulcedine,
784 3583 838 3646 sea
851 3563 954 3626 serore
968 3583 1033 3646 quo·
