2254 3960
24 243 26 270 ,
88 281 165 364 sse.
183 305 227 360 ru.
313 295 467 362 nissen
486 305 559 366 ura.
577 303 765 368 ausurus.
933 307 985 367 ess

22 447 24 474 '
94 460 104 488 ⁸
120 459 169 510 ter
181 453 286 510 liberos
300 452 387 510 eritis.
428 453 456 509 N
457 473 501 511 arn
519 454 553 510 ad
569 455 643 511 hunc
657 453 742 522 diem,
756 452 869 512 flumina
882 472 913 513 ac
926 460 983 514 ter·

21 533 23 554 ²
93 525 180 610 (ras,
205 536 234 585 et
259 531 362 586 coelum
387 531 588 606 quodammodo
614 532 717 606 ipsum,
743 532 901 589 clauserant
926 531 982 590 Ro·

94 606 219 663 ‘maniz
241 613 272 663 ut
291 607 431 681 colloquia
450 625 672 683 congressusque
692 617 815 676 nostros,
829 615 957 667 arcerent
975 630 981 663 :

93 685 180 752 ‘vel‚
193 681 268 757 quod
288 685 515 741 contumeliosius
542 691 585 741 est
605 685 672 742 viris
696 686 730 742 ad
752 705 829 744 arma
848 687 929 754 natis,
942 687 982 742 in-

93 766 102 794 ‘
121 777 215 817 ermes
232 778 264 816 ac
279 761 368 835 prope
382 761 458 828 nudi,
472 762 524 817 sub
537 761 652 818 custode
667 769 696 819 et
711 764 803 838 pretio
816 762 981 820 coiremus.¹

91 837 179 895 ‘Sed
200 842 231 893 ut
253 837 371 894 amicitia
393 838 567 912 societasque
593 845 688 895 nostra
709 839 737 896 in
763 847 900 898 arternum
923 848 983 900 rata

91 914 166 982 ‘sit,
188 915 359 988 postulamus
385 931 401 970 a
426 915 518 982 vobis,
540 933 634 971 muros
660 917 788 984 coloniae,
814 918 983 977 munimenta

88 999 98 1025 ⁶
115 991 239 1057 servitii,
252 990 412 1048 detrahatis.
455 990 545 1047 Etiam
564 990 627 1047 sera
645 992 779 1060 animalia,
792 994 815 1049 si
835 995 928 1053 clausa
940 1003 981 1052 te-

86 1077 96 1104 ·
114 1086 198 1136 neas,
212 1068 333 1144 virtutis,
347 1067 559 1124 obliviscuntur.
601 1066 740 1124 Romanos
758 1087 864 1139 omnes,
878 1071 907 1127 in
919 1072 980 1129 lini·

84 1153 97 1181 ⁴
112 1146 170 1203 bus
185 1145 296 1213 vestris,
311 1143 454 1202 trucidetis
471 1166 478 1200 ε
500 1144 574 1201 haud
595 1143 677 1201 facile*
697 1145 823 1213 libertas,
837 1153 866 1202 et
877 1147 981 1206 domini

85 1232 96 1262 ‘
112 1223 281 1280 miscentur.
322 1221 401 1278 Bona
414 1220 635 1288 interfectorum,
648 1222 677 1279 in
690 1221 813 1278 medium
825 1223 927 1280 cedant
945 1243 981 1283 ne

77 1308 96 1339 '⁴
115 1301 179 1376 quis
201 1300 333 1357 occulere
357 1299 517 1374 quidquam,
536 1305 583 1355 aut
603 1316 752 1372 segregare
773 1299 885 1355 causam
903 1318 981 1360 suam

86 1377 214 1454 ‘possit
255 1376 353 1433 Liceat
366 1377 445 1432 nobis
459 1376 596 1452 vobisque
610 1383 755 1453 utramque
770 1377 859 1452 ripam
872 1376 980 1448 colere,

86 1465 96 1492 ‘
115 1463 147 1513 ut
169 1455 234 1511 olim
252 1454 403 1529 majoribus
427 1454 548 1510 nostris:
571 1453 710 1529 quomodo
731 1454 826 1511 lucem
847 1453 980 1530 diemque

86 1544 95 1569 ‘
115 1533 244 1592 omnibus
257 1529 425 1598 hominibus,
439 1530 477 1587 ita
490 1547 586 1588 omnes
600 1539 690 1588 terras
704 1529 822 1589 fortibus
843 1531 912 1589 viris
930 1552 978 1591 na·

86 1617 179 1670 ‘tura
199 1608 318 1684 aperuit.
360 1609 485 1665 Instituta
504 1609 667 1684 cultumque
690 1609 810 1684 patrium
832 1610 978 1682 resumite,

86 1697 95 1724 ¹
114 1687 240 1761 abruptis
258 1685 477 1760 uoluptatibus,²
490 1686 590 1760 quibus
613 1685 733 1744 Romani
759 1688 823 1762 plus
843 1687 977 1752 adveneris

84 1775 94 1802 ¹
112 1765 264 1840 subjectos,
279 1765 362 1839 quam
385 1763 467 1820 armis
487 1763 605 1819 valent:
627 1763 753 1820 sincerus
768 1771 797 1823 et
815 1764 934 1839 integer,
948 1774 978 1824 et

84 1851 95 1878 ⁴
111 1839 255 1900 servitutis
274 1841 375 1898 oblitus
393 1840 525 1915 populus,
539 1847 586 1896 aut
599 1857 639 1896 ex
649 1857 730 1916 aequo
745 1842 841 1914 agetis,
857 1850 905 1900 aut
916 1843 976 1902 aliis

82 1929 92 1956 ⁴
109 1918 324 1995 imperitantis)

124 1995 214 2054 LXV.
267 1996 498 2070 Agrippinenses,
524 2002 635 2069 sumpto
670 1996 843 2052 consultandi
876 2000 974 2071 spatio,
1014 1971 1018 1980 ⁵

57 2074 199 2151 =quando
223 2093 316 2149 neque
339 2073 435 2131 subire
458 2063 631 2129 conditiones
652 2079 742 2128 metus
762 2071 860 2140 futuri,
882 2091 975 2149 neque

82 2154 179 2228 palam
199 2151 342 2226 aspernari
356 2150 477 2207 conditio
492 2167 618 2224 praesens
631 2150 740 2206 sinebat
755 2170 762 2204 z
785 2150 813 2206 in
827 2150 901 2208 hunc
916 2169 974 2208 mo-

81 2231 152 2290 dum
174 2229 364 2303 respondent:
388 2228 482 2297 ‘Quae
502 2229 594 2302 prima
616 2227 751 2284 libertatis
772 2226 888 2285 facultas
911 2228 974 2300 data

82 2315 91 2341 ‘
107 2313 162 2376 est,
177 2306 281 2364 aridius
300 2307 384 2380 quam
402 2305 507 2362 cautius
527 2305 704 2380 sumpsimus,
718 2313 749 2364 ut
762 2307 841 2364 vobis
857 2307 974 2366 ceteris*

81 2392 164 2460 ‘que
197 2383 354 2451 Germanis,
388 2383 600 2456 consanguineis
633 2383 746 2452 nostris,
774 2379 971 2459 jungeremur.

80 2461 206 2518 ‘Muros
228 2459 357 2528 civitatis,
378 2462 607 2535 congregantibus
630 2479 662 2518 se
684 2462 748 2520 cbm
773 2463 891 2519 maxime
915 2462 974 2520 Ro·

80 2543 94 2572 ‘'
104 2556 253 2596 manorum
278 2536 460 2606 exercitibus,
487 2556 590 2610 augere
616 2538 708 2606 nabis,
734 2540 817 2612 quim
842 2539 967 2607 diruere,

80 2624 89 2650 ⁴
105 2615 201 2683 tutius,
213 2621 266 2672 est.
306 2615 335 2670 Si
349 2615 397 2690 qui
411 2632 447 2670 ex
461 2615 550 2682 ltalia,
565 2621 612 2670 aut
624 2615 789 2686 prouinciis,
804 2614 968 2687 alienigenae

79 2693 134 2752 ‘in
154 2692 255 2751 tinibus
278 2691 379 2750 nostris
402 2691 523 2762 fuerant,
537 2708 587 2747 eos
608 2690 714 2746 bellum
737 2690 899 2764 absumpsit,
922 2694 974 2749 vel

48 2795 56 2832 s

48 2835 60 2894 i
76 2873 80 2882 '
102 2851 132 2924 ¹1
151 2871 207 2926 Sub
218 2873 322 2927 custode
334 2876 359 2925 et
370 2869 457 2940 pretio
469 2869 604 2923 coiremas.
623 2866 714 2948 ‚ilinc
731 2866 822 2949 eapite
834 2872 971 2940 sequenti,

74 2941 193 3012 uectigal
204 2947 230 2996 et
243 2957 324 2996 onera
341 2939 555 2994 commerciorum·
570 2937 745 2992 resolvemus:
763 2941 820 2990 tuat
837 2938 968 2995 transitus

75 3011 242 3078 {commolita
257 3013 303 3078 &a

111 3081 130 3134 2
147 3081 275 3152 Abruptis
294 3079 482 3150 uoluptatibus.
518 3079 563 3133 Ita
580 3077 656 3131 dedit
674 3075 784 3146 Lipsius
796 3093 831 3130 ex
842 3089 970 3132 mss-en·

75 3151 195 3217 dinibus,
207 3167 225 3204 a
242 3152 342 3222 quibus
361 3167 418 3203 non
439 3149 558 3204 multum
578 3149 636 3202 abit
653 3147 767 3216 Regius,
779 3148 807 3200 in
820 3163 875 3214 quo
888 3163 967 3203 men»

74 3221 145 3276 dose
167 3221 297 3290 scribitur
314 3218 503 3274 uoluntatibus.
541 3218 674 3271 Solebant
698 3217 818 3269 Romani
829 3217 966 3276 victarum

74 3292 202 3359 gentium
215 3291 321 3344 mollire
333 3292 414 3353 vires,
428 3302 456 3342 et
473 3305 524 3356 per
542 3288 656 3340 delicias
674 3300 851 3352 amnenasque
871 3285 965 3354 volup-

71 3371 147 3415 tates
167 3361 307 3430 frangere.
342 3359 413 3412 Vide
436 3360 462 3411 A
497 3357 573 3412 'colae
593 3358 679 3412 vitam
696 3355 739 3430 2l,
757 3365 821 3410 ante
840 3352 965 3425 lipsium

72 3430 222 3496 edebatur,
228 3427 351 3502 abruptio
365 3427 450 3500 uectig
482 3427 550 3481 'baa

64 3547 72 3556 ··
488 3519 515 3580 Τ
529 3523 550 3576 2

1107 2713 1111 2794 1

1098 2799 1110 2906 l

1106 2907 1109 2982 l

1101 2999 1108 3083 l
