2252 3958
13 1283 17 1316 1

139 276 176 344 ee
298 345 302 354 ,
401 275 434 331 c.
453 224 567 328 coru]
584 228 719 326 raom
830 281 859 320 ι.
879 281 905 323 r.
924 280 951 320 c.
970 262 1038 354 sae

141 436 154 462 ’
164 423 275 484 celebri
292 422 356 493 vico
378 418 560 500 consedisse?
582 411 683 480 incole
696 420 852 470 memorant
862 433 874 482 ς’
891 421 899 446 ‘
915 410 1035 498 necde-

143 503 231 560 ‘inde
254 509 329 558 coetu
356 497 509 562 hominum,
536 500 583 550 eut
608 489 893 549 circumvolitantium
927 489 1034 554 abtum,

144 580 296 638 'territam
315 575 473 649 paleamve,
498 571 589 628 donec
615 567 692 626 Otho
715 583 746 624 se
760 567 822 645 ipse
836 565 1032 622 interficeret:
1102 592 1105 606 ›

143 663 225 714 ‘tum
250 653 370 710 ablatam
402 643 438 705 ex
472 647 580 704 oculis:
609 653 638 703 et
667 653 796 718 tempora
828 643 1033 716 reputantibus,

144 733 281 790 ‘initium'
296 719 449 802 'finemque
471 723 610 791 miraculi,
630 739 695 780 cum
715 719 834 776 Othonis
854 719 935 775 exitu
957 736 1032 775 com·

144 819 152 842 ⁰
187 805 294 864 etisse.'
1039 852 1043 860 ,

167 827 228 940 le.
264 883 296 938 ln
306 881 407 938 sunere
420 881 492 956 ejus,
514 885 616 936 novata
638 879 716 935 luctu
741 893 773 933 ec
792 874 892 931 dolore
914 873 1034 935 rnilitum
1101 911 1104 922 ι

143 960 261 1020 seditio:
284 977 337 1015 nec
360 966 431 1024 eret,
452 957 500 1032 qui
524 963 683 1013 coerceret.
724 953 768 1008 Ad
787 950 1033 1025 Vergininmver-

142 1037 177 1105 si,
196 1035 283 1094 modo-
293 1042 344 1091 ‘ut
369 1035 515 1108 reciperet
539 1031 711 1107 imperium‚'
736 1047 809 1086 nunc
823 1037 874 1084 ‘ut
893 1027 1035 1100 legatione

144 1114 239 1189 ‘epud
266 1111 409 1168 Caecinam
430 1130 462 1167 ac
484 1109 632 1166 Valentem
661 1107 848 1181 fungeretur&
875 1106 1034 1162 minitantes

144 1193 267 1248 orabant.
309 1185 459 1262 Verginius
487 1205 541 1262 per
569 1203 697 1246 aversam
716 1184 813 1241 domds
839 1190 950 1258 partem
977 1179 1033 1239 sur-

143 1269 193 1338 tim
227 1261 387 1341 degressus,
422 1265 613 1339 inrumpentes
635 1261 800 1320 ¹frustratus
836 1268 888 1317 est.
930 1259 1036 1318 Earum
1106 1292 1107 1306 1

140 1363 206 1420 qum
220 1344 339 1400 Brixelli
366 1348 492 1415 egerant,
518 1341 677 1398 cohortium
697 1355 800 1414 preces
822 1337 948 1394 Rubrius
968 1337 1035 1396 Gal·

143 1423 189 1478 iue
210 1422 281 1479 tulit.
323 1419 360 1474 Et
372 1420 455 1474 venia
477 1419 572 1474 statim
581 1419 740 1493 impetente,
752 1415 983 1477 concedentibus·
1002 1415 1035 1473 ad
1099 1454 1105 1475 ι

113 1499 303 1603 {uictorem}
339 1513 393 1568 per
419 1495 441 1549 F
444 1494 548 1552 larium
580 1495 722 1586 Sabinum,
748 1492 782 1550 iis
805 1493 905 1568 copiis,
933 1492 1034 1567 quibus
1102 1487 1108 1587 1

99 1681 107 1688 .
143 1573 380 1708 pr{iliiimit-’tosito
397 1649 502 1726 ubique
531 1651 621 1720 bello,
642 1619 742 1725 *magna
762 1668 829 1724 pars
851 1649 963 1706 senatus
986 1667 1034 1706 ex·
1104 1604 1109 1734 1

145 1733 266 1784 tremum
279 1727 430 1784 discrimen
444 1727 519 1797 adiit,
545 1727 672 1802 profecte
685 1744 749 1792 cum
759 1727 872 1784 Otirone
893 1727 929 1782 ab
939 1775 942 1780 ,
952 1728 1034 1800 urbe,
1102 1747 1109 1787 t

87 1830 89 1835 ·
144 1804 209 1861 dein
222 1803 339 1861 Mutinae
360 1803 468 1862 relicta.
510 1805 581 1863 illuc
595 1805 713 1882 adverso
727 1805 764 1861 de
777 1805 880 1879 proeiio
900 1805 1032 1863 allatum:
1107 1810 1109 1864 i

94 1951 97 1958 ,
144 1881 196 1937 sed
205 1881 317 1950 milites,
338 1891 368 1939 ut
393 1881 492 1939 falsum
515 1900 658 1940 rumorem
682 1890 874 1958 aspernantes,
896 1882 975 1972 quod
994 1883 1034 1938 iu·
1105 1898 1109 1946 t

145 1956 254 2016 sensum
279 1959 385 2017 Othoni
411 1968 536 2017 senatum
562 1959 777 2027 arbitrabantur,
805 1959 948 2016 custodire
975 1977 1034 2017 ser·
1104 1946 1109 2028 Ι

145 2052 253 2112 mones,
272 2038 381 2095 vultum
407 2037 587 2113 habitumque
613 2038 728 2094 trahere
751 2038 780 2094 in
802 2037 944 2094 deterius:
968 2055 1034 2094 con·

145 2113 225 2171 viciis
252 2117 397 2190 postremb
422 2130 454 2172 ac
478 2115 590 2190 probris
614 2133 725 2172 causam
751 2123 780 2172 et
809 2113 916 2170 initium
950 2114 1034 2172 caedis

146 2193 327 2266 quaerebant:
350 2193 413 2248 cum
436 2193 504 2250 alius
528 2193 645 2266 insuper
658 2190 748 2251 metus
762 2193 938 2250 senatoribus
951 2191 1033 2252 insta-
1104 2148 1110 2261 1

137 2266 201 2332 ret,
212 2286 248 2323 ne
258 2269 421 2342 prevalidis
427 2268 487 2342 jam
496 2268 604 2326 Vitellii
618 2270 744 2344 pertibus
754 2261 919 2327 ernetaiter
929 2287 1033 2358 excep:
1102 2268 1111 2375 ἱ

146 2342 203 2398 isse
215 2343 362 2400 victoriam
376 2345 580 2403 crederentur:
602 2347 640 2404 ita
648 2347 751 2423 trepidi
766 2353 795 2404 et
804 2349 947 2422 utrimque
961 2366 1032 2404 anm·

146 2425 268 2487 coeunt;
289 2419 372 2476 nemo
395 2421 527 2496 privatim
550 2423 682 2498 expedito
704 2425 832 2491 consilio,
848 2425 1032 2484 intermultos
1109 2424 1112 2496 1

146 2496 279 2554 societate
305 2498 396 2574 cuipae
422 2499 534 2556 satient
584 2499 727 2560 Onembat
760 2502 921 2577 paventium
954 2520 1033 2559 curas
1109 2473 1112 2570 1

148 2575 219 2640 ordo
228 2572 419 2644 Mutinensiss
433 2586 440 2610 ⁶
452 2595 527 2634 arma
535 2584 563 2636 et
571 2580 728 2652 pecuniam’
743 2579 899 2645 offerendo,
911 2580 1032 2654 appella
1106 2581 1110 2593 '

147 2652 262 2728 batque,
284 2652 401 2710 ‘Patres
415 2655 598 2730 conscriptos'
619 2654 817 2731 intempestivo
835 2657 956 2713 bonore.

183 2811 198 2862 1
211 2809 417 2866 concedentibus
434 2813 472 2866 od
489 2813 681 2866 victorem-its
701 2815 793 2883 eopiir,
806 2817 823 2866 i.
836 2831 864 2866 e.
873 2815 1032 2882 gladiatorih

148 2879 207 2932 bots.
243 2878 337 2932 Vetuit
355 2883 391 2933 ed
404 2885 513 2934 venium
524 2883 618 2934 statim
630 2884 844 2950 impetrandam,
857 2885 931 2951 quod
941 2897 970 2938 et
979 2885 1033 2952 gla-

148 2945 269 2998 diatores
277 2949 313 2998 ad
321 2949 455 3002 victorem
465 2951 545 3002 simul
558 2952 714 3004 transirent.

162 3017 164 3020 ’
182 3014 200 3065 2
212 3015 284 3067 Inter
294 3017 389 3070 multos
399 3017 609 3092 societateyeulpoe
621 3020 708 3073 tutior.
745 3021 878 3076 Libenter
889 3023 1033 3076 inducere-

147 3095 211 3135 mus
222 3099 322 3135 vocem
334 3087 423 3154 culpo,
435 3103 519 3155 quem
537 3105 589 3140 nec
611 3088 717 3157 Regius
729 3093 866 3159 agnoscit.
904 3092 949 3144 Ite
961 3090 1035 3144 uarii

83 3162 85 3170 ’
148 3155 246 3218 coeant,
259 3161 289 3206 ut
303 3155 394 3209 nulius
406 3158 543 3224 privatim,
560 3157 680 3224 aliquem
694 3161 801 3212 consilii
812 3161 886 3212 viem
896 3161 1035 3228 expediet,

148 3223 311 3277 tutioremse
323 3225 493 3289 existimans,
502 3227 525 3278 si
535 3227 647 3278 nullsin
656 3243 686 3280 re
699 3231 734 3280 ab
741 3230 874 3284 societate
884 3230 1036 3283 multorum

148 3291 348 3359 sejungeretur.
384 3294 508 3362 Ryckius
525 3312 541 3346 e
560 3311 611 3347 suo
624 3297 719 3349 codice
732 3297 971 3365 praefertsocietate
983 3297 1034 3352 eul-

144 3360 295 3423 petatium,
308 3377 341 3412 eo
354 3379 446 3427 sensu,
464 3380 548 3432 quem
560 3363 651 3416 Taciti
663 3382 724 3418 esse
736 3369 783 3419 vix
795 3368 945 3421 credimus.
975 3363 977 3372 ¹

183 3426 284 3504 3·ονᾀο
293 3428 471 3484 Mutinensis.
493 3431 694 3488 Mutinensium
706 3437 880 3502 decuriones,
892 3439 1035 3506 publicum

149 3491 416 3570 urbrsconcilium.v
452 3537 453 3540 η
