2254 3960
116 249 169 308 aaa
362 251 395 308 o.
414 231 527 307 corn.
546 245 681 318 rsorm
827 260 856 298 a.
874 259 904 299 a
924 259 953 298 e.
973 243 1040 300 aas.

111 399 151 457 lu
165 399 373 458 Hermunduris
398 396 474 457 Albis
494 393 594 462 oritur,
608 392 714 450 flumen
736 391 863 450 inolitum
884 398 914 449 et
933 397 1042 450 notum

119 480 207 548 olim3
229 497 302 539 nuuc
317 477 418 534 tantem
431 471 549 530 auditur.
993 469 997 476 “

159 555 251 612 Xbll.
271 553 356 612 Juxta
368 549 582 608 Hermunduros
590 545 716 616 Metisci,
728 545 877 604 ac‘deiude
892 543 1040 604 Marcom-

121 633 184 692 anni
198 641 228 692 et
240 631 328 702 Quadi
342 637 432 702 agunt.
474 625 625 701 Praeoipua
650 623 919 680 Marcomannorum
944 622 1040 696 gloria

121 711 266 786 viresque,
275 717 358 784 atque
367 706 431 780 ipsu
440 704 525 761 etiem
538 703 634 771 sedes,
655 701 743 778 pulsis
758 699 824 758 olim
835 699 915 756 Boiis
928 700 1040 758 virtute

119 796 210 866 parta.
250 785 313 842 Nec
337 781 451 840 Narisci
464 780 594 852 Quadive
620 780 803 857 degenerant.
824 823 826 826 .
845 777 948 852 anue
962 776 1040 834 Ger-

120 865 220 924 mania
233 863 312 919 velut
335 859 414 919 frons
429 867 482 930 est,
496 866 633 934 quatenus
657 855 786 915 Danubio
804 854 946 930 pergitur,
961 853 1041 912 Mar·

121 940 263 1000 comannis
277 938 453 1013 Quadisque,
466 955 557 1012 usque
577 935 611 992 ed
624 941 749 994 nostram
762 932 942 1007 memoriam,
955 949 1040 1006 reges

120 1021 293 1086 manserunt,
307 1035 344 1075 ex
357 1022 443 1091 geute
455 1016 593 1091 ipsorum,
607 1012 702 1070 nobile
716 1003 930 1068 Marobodui'et
944 1009 1040 1066 Tudri

121 1115 229 1169 genus:
247 1095 309 1170 jam
322 1101 352 1152 et
365 1103 498 1151 externos
511 1092 664 1168 patiuntur.
706 1088 762 1146 Sed
784 1089 836 1145 vis.
854 1093 884 1144 et
911 1085 1040 1163 potentia

123 1174 247 1248 regibus,
266 1191 320 1230 ,ex
356 1171 521 1230 auctoritate
553 1167 697 1228 Remeat:
720 1168 787 1223 raro
813 1163 898 1222 armis
921 1165 1039 1234 nostris,

123 1271 162 1309 sae
185 1252 228 1310 ius
242 1250 515 1328 pecunidjuvantur.
596 1235 617 1274 '
743 1320 746 1324 ¹

164 1272 269 1386 llLlll.
298 1327 361 1386 Nec
375 1329 464 1384 minus
475 1327 569 1384 valent
583 1325 663 1382 retro
671 1321 816 1396 Marsigni,
829 1321 962 1390 Gothiui,
977 1321 1038 1390 Osi,

125 1406 205 1464 Burii
219 1430 225 1464 :
241 1415 318 1479 terga
333 1405 607 1471 Marcomannorum,
634 1401 853 1474 Quadorumque
879 1399 1036 1458 claudunt:

125 1485 140 1540 ὀ
155 1485 256 1558 quibus
270 1483 415 1556 Marsigni,
436 1491 465 1539 et
478 1482 558 1538 Burii
572 1475 702 1538 sermone
716 1479 851 1552 cultuque
866 1477 979 1534 Suevos
992 1496 1037 1534 re·

124 1569 233 1618 rerunt.
254 1561 393 1620 Gothinoe
403 1559 521 1626 Gallica,
533 1557 606 1614 Osos
621 1557 782 1620 Pannonica
791 1556 886 1628 lingua
900 1555 1038 1630 coarguit,

125 1657 180 1694 uon
195 1656 257 1694 esse
271 1638 449 1705 Germanos,
471 1643 501 1692 et
525 1635 603 1709 qubd
624 1635 731 1693 tributo
744 1633 904 1708 patiuntur:
927 1635 1038 1712 partem
1108 1667 1109 1670 =

124 1714 293 1772 tributorum
302 1713 446 1782 Sarmata,
459 1720 568 1788 partem
581 1712 683 1782 (baadi,
695 1720 725 1769 ut
738 1710 915 1784 alienigenis,
929 1711 1037 1786 impon-
1108 1733 1109 1770 i

125 1801 192 1848 unt:
215 1791 343 1862 Gothini,
355 1793 412 1867 quo
427 1791 511 1865 magis
526 1791 629 1866 pudeat
643 1797 673 1846 et
683 1787 791 1846 serrum
804 1788 957 1846 effodiunt:
981 1807 1037 1846 om·
1108 1833 1109 1846 ,

125 1889 234 1946 aesque
258 1870 287 1928 hi
302 1871 399 1945 populi
413 1888 502 1944 panca
515 1867 728 1944 campestrium,
741 1867 869 1932 ceterdm
892 1867 990 1936 saltria,
1011 1875 1039 1923 et
1108 1859 1109 1908 l

125 1949 251 2006 vertices
276 1948 411 2005 montium
429 1947 596 2024 jugumque,
620 1945 793 2014 insederunt.
824 1943 951 2002 birimit
965 1945 1038 2003 euim

126 2027 287 2102 scinditque
298 2026 431 2084 Sueviam
440 2026 602 2088 continuum
612 2023 747 2082 montium
752 2021 864 2097 jugum,
876 2023 950 2080 ultra
964 2022 1039 2097 quod

127 2105 258 2178 plurime
267 2112 367 2178 gentes
374 2111 456 2178 agunt
467 2126 473 2159 :
490 2121 527 2162 ex
540 2103 643 2176 quibus
651 2099 786 2158 latissime
796 2107 873 2174 patet
883 2099 1038 2176 Lygiorum

127 2199 240 2249 stamen,
253 2182 282 2238 iu
296 2183 394 2256 plures
408 2182 537 2240 civitates
551 2179 691 2236 diffusum.
734 2177 946 2236 Valentissimas
960 2197 1037 2234 nom-

126 2254 218 2334 iqtsse
232 2253 363 2326 sufficiet,
378 2259 472 2325 Arios,
484 2257 678 2325 Helveconas,
689 2254 719 2311 M
721 2255 836 2324 animos,
847 2254 973 2332 Elysios,
982 2255 1037 2311 Na·
1107 2287 1108 2296 κ

39 2344 42 2354 ·
125 2330 257 2390 harvalos
309 2335 392 2408 Apud
418 2333 595 2391 Naharvalos
620 2335 739 2410 antiquas
776 2333 920 2406 religionis
958 2335 1037 2390 lucus

125 2410 292 2468 ostenditur.
316 2411 591 2470 Praesidetsacerdos
601 2412 734 2470 muliebri
745 2419 863 2468 ornatu:
878 2412 930 2468 sed
942 2421 949 2446 ‘
959 2412 1036 2480 deos,

136 2485 381 2565 ‘interpretatione
396 2489 531 2558 Romana,
541 2488 690 2547 Castorem
702 2489 917 2566 Pollucemque’
933 2507 1036 2546 memo-

128 2578 200 2648 rant.
222 2566 263 2624 Ea
275 2569 319 2627 vis
334 2568 457 2628 numiui:
475 2586 578 2624 nomen
597 2568 671 2624 dieis
682 2589 696 2626 a
716 2568 791 2625 nulla
804 2566 965 2636 simulacra,
978 2569 1036 2626 nul·

130 2650 185 2702 turn
201 2648 362 2722 peregrine
376 2645 583 2721 superstitionis
596 2645 762 2720 vestigium:
778 2653 809 2716 nt
821 2643 923 2702 fratres
937 2653 1037 2715 tamen,
1107 2643 1108 2686 f

128 2730 159 2779 ut
167 2725 290 2799 juvenes
304 2734 486 2784 venerantur.
528 2722 664 2780 Ceterdm
672 2723 744 2790 Arii,
754 2741 840 2798 super
851 2721 928 2794 vires
940 2723 1037 2798 quibus
1107 2739 1108 2760 ³

129 2810 308 2860 enumeratos
322 2805 417 2879 paullo
431 2803 492 2858 ante
507 2801 626 2876 populos
638 2801 818 2869 antecedunt,
830 2808 937 2871 truces,
952 2801 1037 2858 insita
1106 2817 1108 2866 t

129 2877 233 2935 feritati
248 2887 307 2937 arte
321 2901 352 2940 ac
366 2889 496 2955 tempore
517 2877 730 2955 lenocinantur.
752 2879 833 2953 nigra
852 2885 942 2946 scuta,
956 2879 1038 2938 tincta
1107 2875 1108 2888 ¹

129 2974 269 3030 corpora:
293 2966 366 3016 utras
381 2958 414 3014 nd
429 2957 548 3032 prooelia
560 2964 659 3013 noctes
676 2957 789 3030 legunt:
813 2956 931 3030 ipbsque
945 2955 1037 3014 sormi·

128 3033 196 3102 dine
207 3037 396 3109 atqueumbrt
408 3033 503 3092 feralis
511 3034 651 3102 exereitus
661 3043 803 3092 terrorem
811 3033 1036 3103 inferuntmullo,

130 3111 253 3168 hostium
276 3114 432 3170 sustinente
455 3130 560 3168 nevum
573 3131 605 3168 ac
619 3113 698 3169 velut
720 3112 860 3170 infernum
875 3119 1034 3186 aspectum:
1107 3131 1108 3136 ¹

130 3207 194 3244 nam
208 3190 302 3262 primi,
318 3191 344 3248 in
360 3189 488 3258 omnibus
512 3189 631 3262 proeliis‚
647 3190 722 3246 oculi
746 3190 906 3248 vincuntur.
950 3189 1036 3248 'I'raus

130 3263 245 3336 Lygios,
258 3268 405 3324 Cothonea
420 3274 581 3339 regnantur,
602 3268 698 3340 paullo
707 3268 772 3341 jam
789 3267 944 3336 adductius,
958 3268 1035 3341 quim

130 3345 236 3392 eeterae
250 3343 457 3401 Germanorum
469 3350 578 3415 genteS,
592 3343 716 3402 nondum
730 3352 822 3402 temen
843 3363 932 3420 supra
955 3346 1035 3402 liber·

131 3415 224 3464 latem-
266 3416 395 3472 Protiuds
410 3418 511 3474 deinde
526 3420 561 3474 ab
582 3419 815 3496 Oceano'liugii,
838 3429 867 3478 et
892 3423 1033 3481 Lemovii:
1106 3419 1107 3424 '

131 3485 311 3566 mniumque
326 3491 425 3547 harum
437 3494 561 3564 gentium
572 3495 691 3570 insigne,
706 3499 824 3560 rotunda
834 3504 927 3571 scuta,
938 3501 1035 3561 breues
1105 3515 1107 3520 '

128 3553 222 3624 gladia,
237 3567 265 3614 et
279 3580 347 3631 erga
361 3583 444 3637 reges
457 3569 634 3644 obsequium.
