2214 3986
116 285 168 351 198
307 293 317 304 “
389 285 421 342 (l.
440 284 553 341 CORN.
574 279 709 338 Tuum
828 287 933 337 arum.
946 267 1014 324 822

117 423 275 492 deelinmdi
288 420 476 500 providentia.
492 451 494 455 -
518 411 601 472 Unde
614 415 721 471 clamor
735 409 876 468 acciderat
892 407 1016 465 cirdum-

118 525 203 586 agere
224 506 355 580 c'orpora,
375 496 492 555 tendere
519 491 634 550 arcus:¹
655 489 733 546 nihil
756 487 893 563 prodesse
915 484 1022 549 virtus,

119 588 178 648 sors
200 587 300 642 cuncta
321 577 446 641 turbare,
460 579 492 628 et
509 571 673 644 ignavorum
693 583 772 640 saepe
792 563 856 621 telis
870 560 1018 618 fortissimi

120 665 232 724 cadere.
286 653 368 730 Apud
399 649 567 716 Germanos,
592 643 750 704 inconsulta
774 642 837 698 ira:
872 638 1018 696 Romanus
1046 671 1050 676 -

121 742 213 808 miles,
226 734 420 812 periculorum
442 739 554 806 marus,
574 722 695 784 serratas
715 719 809 787 sudes,
823 717 920 793 gravia
938 729 1017 772 saxa.

122 836 178 876 non
191 813 262 872 sone
270 808 404 886 jaciebat.
446 803 503 860 Ubi
517 819 603 859 sonus
612 797 797 864 molientium,
812 801 860 852 aut
869 792 1018 870 appositiae

123 895 205 953 scala>
226 890 336 947 hostem
355 879 504 944 inmauue
531 879 678 944 dederant,
697 873 865 952 propellere
885 871 1024 937 umbone,

63 988 68 997 ·
144 971 182 1028 ilo
202 965 307 1042 sequi:
329 962 431 1020 multos
454 960 484 1016 in
503 955 608 1014 moenia
630 949 956 1030 egressos,jpugionibus
979 945 1022 1006 io·

123 987 204 1108 dere.
246 1043 293 1102 Sic
306 1038 443 1099 exhausta
456 1041 549 1102 nocte,
563 1049 664 1090 novam
675 1031 764 1088 aciem
777 1028 837 1084 dies
851 1025 973 1102 aperuit.

88 1137 90 1146 ·
165 1121 258 1182 XXX.
307 1115 472 1175 Eduxerant
494 1111 591 1188 Batavi
616 1109 728 1176 turrim,
754 1105 861 1181 duplici
886 1102 1026 1172 tabulato,

127 1218 210 1281 quarn
233 1197 375 1276 prataria
397 1199 489 1284 portia
517 1189 555 1269 (is
581 1186 757 1262 equissimus
782 1179 879 1260 locus)
904 1181 1026 1256 propin·

128 1285 270 1358 quantem,
284 1278 409 1351 promoti·
423 1269 523 1326 'contri
543 1265 627 1324 validi
648 1281 769 1346 asseres,
790 1267 820 1316 et
838 1260 943 1317 incusae
965 1266 1026 1314 tra-

128 1361 179 1416 bes
203 1353 383 1432 presregere,
409 1347 495 1404 multi
517 1341 734 1419 superstantium
756 1337 896 1416 pernicie.
949 1333 1028 1410 Pug-

130 1442 280 1508 natumque
302 1431 331 1486 in
352 1425 510 1503 perculsos,
531 1421 622 1478 subite
647 1427 677 1476 et
693 1416 840 1494 ¹prospera
861 1413 1026 1488 eruptione.

131 1513 218 1568 Simul
240 1528 257 1564 a
275 1503 435 1580 legionariis
457 1501 559 1576 peritia¹
580 1505 610 1556 et
635 1493 696 1555 a'rte
714 1492 923 1570 prestantibus,
940 1491 1031 1566 plura

91 1645 95 1654 ,
131 1586 319 1645 struebantur.
369 1579 550 1653 Praecipuum
573 1571 724 1652 pavoremi
744 1573 837 1633 intulit
856 1585 1031 1644 suspensum

132 1671 161 1722 et
183 1669 280 1718 nutans
303 1657 566 1721 machinamentum,
585 1671 641 1728 quo
665 1651 783 1728 repente
807 1649 927 1718 demisso
946 1635 1029 1720 prae’·

133 1749 177 1798 ter
196 1752 311 1795 suorum
331 1732 666 1806 ora3singuli‚ph1resve
686 1730 808 1788 bostium
827 1723 943 1782 mulne
958 1741 1038 1798 rap-1

134 1819 164 1887 ti,
186 1832 271 1873 verso
294 1811 422 1889 pondere
447 1811 521 1868 intra
543 1815 635 1866 castra
660 1806 884 1864 effundebantur.
924 1799 1035 1857 Civilis

101 1963 103 1968 ¹
135 1895 235 1952 omissa
261 1888 437 1968 oppugnandi
463 1905 526 1962 spe,
553 1903 731 1960 mrausper
756 1883 843 1941 otium
872 1877 1033 1950 adsidebat,

123 1972 236 2036 ,nuntiis
250 1976 280 2027 et
292 1966 438 2045 promissis
451 1964 535 2040 iidem
548 1964 689 2038 legionum
703 1963 880 2020 convellens.
904 1961 906 1965 ’
1009 2010 1013 2016 ,

175 2047 282 2108 ΧΧΧΙ.
311 2043 396 2104 *Hac
418 2044 447 2100 in
467 2042 619 2100 Germania
639 2039 916 2098 antelli-emonem
928 2033 1034 2109 proeii·

136 2149 183 2187 um
196 2135 292 2203 geata3
313 2125 395 2201 cujus
409 2129 542 2180 eventum
556 2120 648 2177 literae
662 2117 755 2174 Primi·
770 2113 883 2173 Antonii
902 2112 1036 2171 docuere

138 2207 230 2262 additu
244 2203 367 2259 Caecinae
389 2198 507 2256 edicto.³
546 2196 583 2254 Et
602 2195 755 2272 prefectus
767 2192 922 2252 nehemiae
935 2189 1034 2260 victis,

138 2281 254 2355 Alpinus
272 2275 453 2352 ,Montanusfl
472 2274 611 2332 fortunam
635 2274 763 2349 partium·
777 2287 908 2348 presens
922 2265 1033 2326 fateba-

138 2364 194 2416 tur.
236 2353 350 2410 Diversi
371 2353 436 2431 hinc
456 2361 546 2408 motus
567 2353 731 2410 animorum
773 2345 1035 2416 Auxilineilallid,

140 2433 202 2510 quis
210 2449 270 2488 nec
285 2445 373 2499 amor,
386 2447 440 2486 nec
453 2430 548 2486 odium
567 2429 596 2487 in
609 2437 721 2505 partes,
731 2427 829 2486 militia
839 2427 902 2484 sine
915 2423 1034 2492 effecta,

140 2509 315 2570 hortantibus
336 2505 490 2583 praefectis,
504 2507 596 2564 statim
609 2527 625 2564 a
638 2506 755 2564 Vitellio
775 2505 934 2562 desciscant
948 2523 954 2558 :
981 2521 1036 2560 ve·

21 2611 28 2623 ¹
140 2595 184 2648 tus
197 2587 278 2646 miles
292 2585 483 2643 cunctabatur.
524 2584 580 2642 Sed
594 2585 723 2660 adigente
736 2576 902 2641 Hordeonio
916 2581 1037 2650 Flacco,

139 2665 303 2726 instantibus
324 2664 453 2732 tribunis,
474 2663 544 2720 dixit
566 2670 780 2730 sacramentum,
802 2679 857 2718 non
878 2660 969 2726 vultu,
984 2679 1036 2717 ne·

142 2763 198 2826 que
219 2743 310 2802 animo
330 2742 396 2800 satis
418 2739 588 2810 adfirmans:
611 2748 641 2802 et
660 2740 723 2797 cum
737 2747 834 2796 cetera
848 2737 1036 2814 jurispr-anui

142 2823 233 2881 verba
264 2819 458 2894 conciperent,
490 2817 690 2892 ‘Vespasiani'
725 2835 827 2876 nomen
860 2815 1037 2884 hesitantes,

144 2907 191 2958 aut
214 2897 272 2956 levi
287 2913 452 2965 murmure,
479 2903 507 2953 ct
533 2897 701 2972 pierumque
728 2891 840 2952 silentio
866 2891 1036 2952 transmitte·

99 3067 106 3082 ·
142 2979 217 3036 baut.

181 3149 196 3202 l
217 3145 335 3214 studere
353 3139 449 3200 araca.
476 3145 545 3200 Haeo
563 3147 661 3200 merita
681 3154 812 3214 suspecta
823 3141 935 3220 ‚Lipsiu
954 3155 1037 3211 repo-

147 3219 224 3272 nenti
235 3217 337 3270 tendere
349 3215 439 3271 armis.
551 3275 553 3279 ,
668 3229 671 3234 ·

148 3286 388 3410 tarinifficimm
400 3289 533 3356 muntem.
570 3275 677 3355 Regius
689 3295 717 3340 et
729 3283 893 3352 Ryckianus
910 3279 1037 3342 scribam

183 3421 201 3470 3
217 3420 315 3498 Addita
330 3421 441 3475 Omnino
451 3423 541 3478 edicta.
577 3423 690 3493 Quippe
702 3425 799 3478 consul
812 3433 881 3476 erat.
903 3422 906 3428 '

184 3485 201 3537 4
217 3485 335 3555 Abarnos
346 3491 504 3548 Montanus.
538 3493 641 3549 Missus
653 3511 670 3548 a
681 3494 831 3561 Flauianus,
844 3493 916 3583 Hist.
929 3490 955 3560 8,
966 3488 1013 3546 ³5.
