2254 3960
77 333 117 376 s.
135 333 164 378 o.
183 323 230 378 ω
447 321 667 398 GERMANIA.
964 327 1018 386 265

131 468 233 534 XXII.
275 467 375 528 Victus
391 467 471 527 inter
489 471 615 548 hospites
635 473 733 536 comis.
774 471 876 535 Statim
887 475 903 532 ἑ
916 493 1034 536 somno..

82 565 182 624 quem
196 548 367 622 plerumque
382 549 410 604 iu
420 549 495 606 diem
508 551 672 620 extrahunt,
683 553 820 620 lavantur,
831 554 933 628 sapius
947 554 1013 610 cali-

80 625 149 694 ida,
166 633 198 682 ut
212 626 285 700 apud
299 643 369 700 quos
384 626 639 699 plurimumhiems
653 638 782 708 occupat.
804 629 894 699 Latiti,
908 631 1012 700 cibum,
1079 661 1082 666 ·

83 703 234 777 capiunt:
256 709 394 776 separatae
418 703 533 776 siugulis
556 705 650 773 sedes,
665 714 693 764 et
713 726 762 764 sua
782 707 886 782 cuique
906 727 1011 765 mensa.

86 779 172 850 Tum
186 779 220 867 ad
241 780 363 862 negotia,
376 799 429 837 uec
449 781 539 837 niinds
554 801 637 855 saepe
651 784 685 840 ad
699 784 841 853 convivia,
855 787 1014 862 procedunt

85 864 206 916 armati·
248 855 331 928 Diem
350 865 520 933 noctemque
538 859 702 918 continuare
716 863 848 936 potando,
863 863 931 920 nulli
945 879 1015 939 pro-⁸

81 933 198 990 brum·
231 933 362 1002 Crebrae,
377 944 407 992 ut
424 936 499 991 inter
517 937 674 994 vinolentos
689 938 770 1008 rixa,
785 943 851 998 rari)
865 943 1010 1010 conviciis

86 1009 199 1086 saepius
211 1010 297 1068 cade
318 1019 347 1068 et
365 1014 532 1068 ¹vulneribus
555 1015 754 1088 transiguntur.
796 1017 851 1074 Sed
873 1019 950 1076 etde
965 1040 1011 1079 re-

85 1089 274 1146 conciliandis
288 1089 411 1148 invicem
426 1089 559 1156 inimicis,
574 1099 603 1144 et
613 1092 763 1164 jungendis
784 1093 969 1156 adfinitatibus
982 1104 1012 1158 et

84 1165 290 1242 adsciscendis·
303 1165 491 1240 principibus,
505 1167 541 1222 de
563 1185 633 1240 pace
654 1167 776 1242 denique
801 1190 833 1230 ac
846 1173 934 1242 bello,
949 1178 1010 1250 ple-

85 1261 216 1318 rumque
227 1244 255 1310 in
264 1245 402 1304 conuiuiis
414 1244 570 1300 consultant
584 1265 590 1313 3
606 1252 746 1319 tamquam
757 1247 833 1302 nullo
843 1249 928 1320 magis
940 1261 1009 1310 tem-

84 1339 166 1397 pore
181 1329 229 1379 aut
249 1321 282 1378 ad
302 1322 446 1397 simplices
467 1321 648 1394 cogitationes
672 1329 764 1396 pateat
787 1324 903 1393 animus,
918 1330 1010 1386 autad

85 1417 206 1474 magnas
226 1399 385 1457 incalescat.
427 1399 504 1454 Gens
525 1419 581 1455 non
601 1408 699 1468 astuta,
720 1419 774 1456 nec
794 1401 904 1471 callida,
920 1406 1011 1478 aperit

86 1477 185 1534 adhuc
207 1485 319 1534 secreta
341 1477 477 1552 pectoris,
499 1477 613 1533 licentii
625 1477 696 1552 joci.
746 1476 821 1553 Ergo
847 1480 960 1545 detecta
981 1490 1011 1541 et

86 1555 166 1614 nuda
193 1555 316 1615 omaimn
342 1573 431 1622 mens,
458 1556 573 1630 posteri
594 1556 641 1611 die
668 1564 857 1628 retractatur;
875 1566 908 1630 net
932 1560 1009 1618 salva

85 1633 245 1708 utriusque
261 1633 397 1708 temporis
421 1632 491 1688 ratio
515 1640 566 1689 est.
619 1633 796 1704 Deliberant,
814 1634 880 1693 dum
901 1635 1008 1712 lingere

85 1711 241 1769 nesciunt:
264 1711 445 1778 constituunt,
459 1709 524 1768 dum
543 1719 641 1768 errare
656 1731 711 1768 nou
725 1721 850 1786 possunt.

128 1787 247 1845 XXlll.·
283 1781 364 1846 Potui
376 1788 522 1858 humores
537 1789 645 1847 hordeo
657 1797 702 1844 aut
712 1789 863 1859 frumento,
874 1793 902 1848 iu
913 1811 1007 1869 quam7

84 1867 153 1926 dam
176 1866 387 1942 similitudinem
410 1866 467 1922 vini
488 1873 649 1940 corruptus.
693 1865 819 1926 Proximi
836 1870 908 1942 ripae
922 1879 951 1927 et
964 1873 1006 1928 vi-

84 1965 158 2004 num
177 1953 349 2016 mercantur.
380 1942 456 2000 -cibi
476 1943 637 2016 simplices:
661 1945 778 2015 agrestia
799 1963 891 2018 poma,
906 1965 1007 2006 recens

65 2086 66 2096 ,
84 2024 161 2091 fera,
176 2030 224 2078 aut
238 2024 279 2078 lac
293 2022 467 2081 concretum.
509 2021 577 2088 ,Siue
599 2027 743 2094 apparatu,
758 2021 819 2078 sine
832 2023 1006 2082 blandimen-

85 2103 124 2160 tis
145 2099 294 2174 expellunt
317 2098 429 2156 samem.
470 2097 612 2154 Adversus
636 2097 720 2164 sitim,
741 2117 797 2154 non
817 2097 916 2154 eadem
935 2107 1006 2159 tem-

84 2177 228 2257 perantia.
280 2178 309 2234 Si
331 2175 480 2234 indulseris
504 2175 645 2242 ebrietati,
672 2176 847 2250 suggerendo
872 2169 1007 2251 quantum

85 2255 303 2337 concupiscunt,
318 2255 392 2312 haud
404 2254 493 2312 miuus
506 2253 589 2310 facile
599 2252 683 2324 vitiis,
695 2264 782 2330 quum
793 2253 876 2314 armis
890 2255 1005 2314 viucen-

85 2344 172 2401 tum,

127 2411 237 2480 xxti,
271 2402 376 2469 'Genus
401 2413 630 2487 spectaculorum
655 2431 751 2482 unum,
773 2420 857 2490 atque
878 2411 907 2472 in
931 2415 1023 2486 ouini,
1091 2459 1098 2470 .

86 2499 166 2552 coetu
179 2491 274 2558 idem„
306 2489 382 2562 Nudi
398 2492 534 2566 juvenes,
549 2492 650 2564 quibus
664 2492 692 2548 id
712 2490 851 2548 ludicrum
865 2499 918 2559 est,
932 2493 1006 2550 iuter

85 2569 194 2644 gladios
208 2585 250 2636 se,
264 2574 349 2642 atque
362 2567 475 2626 infestas
496 2567 626 2636 frameas,
640 2569 711 2624 saltu
726 2567 845 2642 jaciunt.
887 2567 1005 2628 Exerci-

85 2647 156 2704 tatio
169 2654 259 2709 artem
272 2645 392 2722 paravit,
401 2663 446 2702 ars
459 2645 594 2702 decorem
608 2667 614 2700 ι
638 2663 692 2700 non
706 2645 734 2700 iu
749 2643 886 2718 questum
900 2657 1004 2716 tamen,

86 2732 138 2782 aut
157 2723 354 2786 mercedemt,
374 2723 502 2800 quamvis
529 2721 639 2780 audacis
662 2720 785 2776 lascivia
813 2721 934 2794 pretium
962 2731 1005 2781 est

85 2803 219 2878 voluptas
233 2801 434 2876 spectantium.
476 2800 574 2857 Aleam
589 2797 679 2878 (quod
692 2795 813 2874 mirere)
828 2797 916 2854 sobrii
929 2799 1006 2858 iuter

85 2877 165 2937 seria
181 2885 328 2945 exercent,
340 2880 417 2935 tanti
437 2874 564 2942 lucrandi
584 2873 759 2950 perdendive
780 2875 949 2945 temeritate,
962 2885 1003 2948 ut,

85 2957 153 3016 cbns
176 2957 272 3030 omnia,
287 2954 465 3024 defecerunt,
484 2961 612 3012 extremo
633 2972 666 3011 ac
687 2951 863 3010 novissimos
868 2953 948 3028 jactu
967 2955 1004 3014 de

85 3035 263 3093 libertateet
281 3033 318 3090 de
338 3051 462 3108 corpore
482 3032 661 3090 contendant.
702 3028 801 3087 Victus
820 3032 1003 3090 voluntariam

87 3112 254 3170 servitutem
274 3111 354 3182 adit3
376 3111 504 3186 quamvis
517 3111 627 3186 junior,
642 3108 767 3186 quamvis
791 3103 943 3177 robustior,
963 3111 1002 3168 al·

87 3189 170 3264 ligari
181 3208 213 3254 se
224 3209 256 3248 ac
268 3189 368 3248 venire
377 3188 491 3264 patitur.
533 3187 575 3244 Ea
584 3195 628 3246 est
640 3189 667 3244 in
682 3203 715 3243 re
724 3183 812 3262 pravi
822 3186 1000 3262 pervicacia:

87 3267 142 3343 ipsi
155 3266 240 3324 iidem
254 3275 366 3324 vocant.
408 3265 513 3324 Servos
526 3261 691 3322 conditionis
705 3263 786 3339 hujus
801 3280 1001 3336 percommer·

88 3345 132 3404 oia
143 3345 311 3414 tradunt-at
328 3363 359 3401 se
373 3362 486 3420 quoque
500 3343 609 3418 pudore
623 3341 750 3399 victoriae
765 3335 923 3400 exsolvant.

126 3419 221 3478 XXV.
243 3421 357 3480 Ceteris
371 3421 473 3489 servis,
486 3439 553 3488 non,
568 3420 596 3476 in
610 3426 735 3478 ausuum
746 3437 864 3488 morem,
875 3418 1000 3496 descrip-

87 3501 123 3557 tis
143 3498 351 3576 per·samiliam
370 3497 543 3566 ministeriis,
558 3503 682 3556 utuntur.
726 3497 810 3554 Suam
824 3497 942 3573 quisque
955 3515 1000 3554 se·

88 3577 163 3650 dem,
177 3594 242 3636 suos
256 3583 374 3654 penates
388 3576 469 3650 regit.
513 3571 659 3706 F-pumemi
677 3573 792 3634 modum
804 3575 942 3648 dominus,
955 3580 1002 3634 aut

81 3685 97 3725 „
142 3716 147 3723 ,
552 3691 563 3710 .
