2214 3986
150 295 204 352 sto
397 295 563 355 MORN.
580 293 716 354 Tuom
847 309 877 351 s·
895 307 925 348 o.
940 309 970 348 o.
985 291 1054 349 Μ
1103 381 1104 384 ¹

154 443 316 522 compositis
329 443 451 506 hostium
458 444 614 511 ordinibus,
627 447 707 516 terga
716 441 745 498 in
753 458 819 498 suos
827 441 925 500 vertit.
945 439 1054 498 Caedes

154 522 232 592 inde,
246 541 302 580 non
321 521 462 597 proelium.
493 519 544 577 'Et
563 518 739 576 Nerviorum
751 517 897 586 cohortes,
911 525 990 597 metu
1003 535 1054 574 seu

154 595 395 676 perstitissem
415 603 576 656 nostrorum
599 595 754 654 nudavere.
797 592 843 652 Sic
866 595 902 650 ad
924 594 1050 669 legiones

155 683 343 752 perventum:
365 691 440 748 que,
453 671 560 732 arnissii
574 673 670 748 signis,
682 673 756 729 intra
768 672 873 728 vallum
884 673 1051 728 sterneban-

155 761 217 810 tur:
240 753 302 810 oiim
316 743 533 824 reperissem
548 751 663 819 auxilio,
676 747 788 832 fortuna
801 767 903 824 pugna
917 738 1049 806 mutatir.

156 829 313 886 Vasconum
333 829 416 886 lecte
430 847 447 882 a
459 827 716 894 Gaios-cohortes,
729 845 762 884 ac
781 833 847 882 tum·
861 827 974 894 accitas,
987 826 1052 882 um
1103 839 1104 852 ¹

154 905 256 964 uostris
267 904 467 980 propinquant,
482 903 578 961 audito
584 903 920 978 proeliantiumclamore,
931 903 1052 961 intentos

65 979 68 985 ’
155 983 251 1040 hostes
265 1001 281 1038 a
293 989 375 1055 tergo
385 982 530 1050 invadunt,
545 981 742 1056 latioremque,
757 981 907 1055 quim'pro
921 983 1052 1048 numero,

153 1066 298 1118 terrorem
323 1057 448 1116 faciunt:
475 1059 534 1116 aliis
560 1056 734 1126 aNovesio,
756 1057 816 1114 aliis
836 1077 852 1113 a
871 1057 1052 1131 Mogontiaco

155 1138 302 1196 universas
323 1137 419 1213 copias
443 1137 589 1193 advenisse
610 1134 804 1206 credentibus.
825 1135 873 1190 ‹ls
894 1152 984 1190 error
997 1134 1052 1192 llo·

146 1216 243 1272 manis
267 1215 346 1282 addit
365 1215 482 1282 animos,
506 1220 535 1271 et
555 1213 621 1270 dum
646 1212 744 1274 olienis
765 1211 1052 1289 viribusconfidunt,

155 1309 221 1350 suos
235 1311 385 1368 recepere.
427 1291 608 1357 Fortissimus
622 1290 741 1365 quisque
755 1279 909 1358 eBataiisJ
919 1297 1051 1364 quantum

157 1371 283 1445 pediturn
296 1377 367 1438 erat,
382 1370 535 1426 funduntur
548 1390 556 1437 3
568 1386 666 1443 ‘eques
687 1366 786 1436 evasit,
800 1369 865 1424 tuni
884 1366 974 1440 signis
987 1385 1050 1442 cap-

156 1445 291 1523 tivisque,
311 1467 381 1522 quos
404 1447 492 1520 primi
515 1446 575 1502 acie
595 1445 809 1518 corripuerant,
828 1443 1001 1500 -Caesorum
1017 1461 1050 1501 eo

155 1522 213 1592 ilie,
228 1526 256 1580 in
276 1524 528 1600 partibusnostris,
540 1521 632 1597 major
651 1538 784 1578 numerus
805 1527 837 1583 et,
849 1521 1016 1588 imbellium
1036 1537 1051 1578 e

60 1651 63 1654 .
156 1601 316 1674 Germanis,
331 1601 390 1674 ipsa
404 1602 517 1656 robora.
647 1605 653 1612 '
824 1598 825 1604 '

119 1678 122 1689 ‘
196 1677 332 1733 XXXIV.
375 1677 439 1733 Dux
453 1684 585 1753 uterque,
600 1678 663 1752 pori
686 1678 770 1752 culpi
787 1676 906 1734 meritus
920 1677 1048 1745 advorsa,

156 1755 303 1830 prosperis
316 1753 447 1810 defuere.
490 1753 563 1811 Nam
576 1755 689 1824 Civilis,
701 1756 725 1810 si
739 1755 891 1830 majoribus
905 1755 998 1829 copiis
1011 1755 1048 1810 iu-

144 1833 308 1892 struxisset
321 1832 410 1890 aciem
424 1853 431 1900 ;
453 1832 598 1891 circumiri
612 1852 628 1889 a
640 1833 695 1890 tam
709 1834 806 1906 paucis
820 1833 990 1889 cohortibus
1001 1849 1047 1888 ne·

157 1909 274 1984 quisset,
296 1917 442 1985 castraque
471 1909 608 1985 perrupta
629 1909 804 1968 exscidisset.
852 1907 974 1978 Vocula,
997 1927 1048 1975 uec

156 1989 308 2047 adveutum
333 1989 456 2046 hostium
482 1988 654 2062 exploravit,
678 1989 773 2062 eoque
799 1986 880 2044 simul
908 2005 1048 2060 egressus,

156 2068 329 2143 rictusque:
351 2067 416 2130 dein
436 2065 563 2122 victorlae
578 2073 677 2140 partim
697 2064 830 2134 confisus,
850 2063 924 2121 tritis
944 2064 1048 2122 trusus

156 2143 268 2214 diebus,
283 2153 374 2202 castra
389 2145 427 2201 in·
439 2144 550 2204 hostem
568 2141 677 2200 movit:
701 2140 786 2217 quem
796 2143 823 2200 'ei
836 2139 929 2200 statim
949 2143 1046 2218 impel-

157 2221 230 2290 lere,
245 2241 417 2300 cursumque
437 2239 534 2278 rerum
554 2220 640 2296 sequi
655 2226 825 2278 maturasset
841 2242 848 2292 3
870 2221 987 2276 solvere
1000 2221 1044 2276 oo

156 2295 257 2354 sidium
280 2299 423 2370 legionum
444 2299 545 2354 eodem
568 2298 675 2373 impetu
701 2298 818 2371 potuitl
872 2297 1045 2354 Tentaverst

156 2371 270 2428 interim
296 2373 397 2430 Civilis
421 2375 600 2430 obsessorum
621 2376 737 2443 animos,
763 2383 903 2452 tamquam
929 2375 1043 2449 perditae

156 2449 229 2524 apud
250 2449 391 2507 Romanos
413 2469 470 2517 res,
486 2459 515 2508 et
537 2452 595 2507 suis
616 2452 735 2510 victoria
753 2452 942 2528 provenisset.
984 2452 1043 2518 Cir·

155 2525 385 2586 sumserebantur
410 2527 487 2602 signa
509 2528 694 2604 vexillaque:
724 2531 854 2588 ostentati
874 2530 1043 2604 etiam,cap

155 2605 229 2663 tivi:
259 2624 296 2662 ex
322 2607 423 2681 quibus
450 2625 531 2675 unus,
558 2609 702 2740 elgregium
726 2606 834 2688 facilus
858 2627 951 2676 ausus,
973 2609 1043 2664 clari

154 2700 229 2740 voce
246 2691 322 2758 gesta
343 2681 488 2760 patefecit,
503 2702 565 2742 vcors
578 2685 655 2742 eisus
676 2685 735 2742 illie
749 2705 765 2742 a
778 2685 928 2742 Germanis
944 2707 952 2742 ε
972 2686 1043 2742 unde

154 2762 246 2837 major
265 2762 350 2820 indici
373 2762 454 2820 tides.
497 2763 584 2818 Simul
599 2763 978 2846 ‘vastationestucendiisque
999 2763 1041 2820 tla-

153 2839 290 2910 grantium
312 2841 452 2908 villarum,
475 2836 574 2897 venire
597 2839 737 2897 victorem
763 2841 921 2898 exercitum
944 2840 1041 2900 iutelli-

107 2919 111 2928 “
153 2915 279 2990 gebatur.
298 2925 301 2932 '
321 2918 377 2974 ‘ln
391 2925 546 2992 conspectu
559 2925 715 2978 castrorum
735 2918 866 2976 constitui
887 2917 976 2992 signa,
990 2916 1041 2975 sos

154 3003 292 3068 ‘samque
311 3001 340 3050 et
359 2996 462 3051 vallum
476 2995 655 3051 circumdari’
671 2994 780 3053 Vocula
788 2996 882 3069 jubet.
921 2995 1041 3070 Deposi

153 3071 189 3127 tis
223 3070 451 3143 ‘impedimentis
493 3072 678 3147 sarcinisque,
711 3073 837 3147 expediti
878 3075 1040 3130 certarent?

47 3217 51 3232 ⁸
140 3146 228 3204 Hinc
250 3147 279 3204 in
299 3146 399 3204 ducem
418 3149 525 3204 clamor
544 3167 664 3224 pugnam
683 3149 882 3224 poscentium:
905 3151 1043 3208 et‘minari

173 3287 175 3293 ¹
187 3304 203 3354 1
223 3298 325 3356 Solvere
337 3302 594 3373 obsidium-potuit.
631 3305 676 3359 lto
692 3305 818 3375 Ryckius
831 3321 847 3360 e
861 3287 941 3360 lFlor.
954 3318 985 3360 et
994 3321 1041 3362 sao

153 3371 248 3421 codice
268 3371 352 3435 dedit,
370 3383 398 3424 et
418 3374 511 3426 firmat
529 3375 571 3426 Re
592 3376 643 3428 ius.
679 3374 768 3444 Vulgo
782 3375 924 3445 potuisset.
968 3372 1041 3428 Infra

150 3435 218 3485 editi
244 3449 309 3490 onte
324 3440 350 3489 J.
369 3441 544 3494 Gronovium
584 3445 668 3496 abent
683 3447 777 3499 vocula
790 3445 874 3514 jabet,
891 3451 923 3497 nt
942 3444 1041 3514 deposi-

151 3496 352 3632 ming-pom
372 3511 500 3562 voculam
510 3515 541 3562 ot
556 3524 691 3580 respuunt
708 3516 831 3583 codices.
847 3525 879 3569 et
897 3514 1040 3570 commo&
