2214 3986
147 271 197 330 172
398 272 431 332 G.
450 273 565 332 CORN.
583 273 718 330 'raom
834 290 864 328 n.
883 291 912 330 n.
932 292 959 330 c.
978 262 1052 331 Μ’

183 419 331 484 LXXXII.
373 421 626 482 Tentaviatamen
648 419 786 480 Antonius
799 427 913 480 vocatas
927 421 1046 480 adcon·

146 499 258 558 cionem
287 497 412 576 legiones
439 499 577 574 mitigare,
598 505 662 568 ‘nt,
696 498 794 556 castris
817 498 902 573 juxta
927 505 1045 580 pontem
1090 497 1091 546 l

147 575 309 635 ‘Milrinm’
340 569 449 650 pos'itis,
476 577 592 650 postera
616 575 664 632 die
692 567 793 632 urbem
812 575 1045 648 ingrederentur.

147 651 229 712 Ratio
239 651 397 721 cunctandi,
418 671 455 709 ne
468 661 614 727 asperatus
627 652 730 726 prelio
741 652 832 720 miles,
852 670 910 709 non
924 653 1043 727 populo,

146 749 203 788 non
228 730 347 799 senatui,
369 747 406 786 ne
431 731 543 803 tempIIs
565 729 689 804 quidem,
713 748 747 786 ac
772 719 899 787 delubris
923 729 1044 794 deorum

146 807 316 864 consuleret.
372 805 429 862 Sed
459 823 572 866 omnem
604 805 805 880 prolationeml
844 813 875 863 nt
900 805 1042 862 inimicam

146 881 286 952 victoriae,
299 870 506 957 inspectabant.
548 883 636 938 Simul
654 879 788 960 tirlgentia
801 901 856 957 per
868 883 960 939 colles
974 901 1040 940 vex·

145 956 204 1027 illa,
228 977 395 1034 quamquam
410 958 538 1026 vimbellis
561 948 683 1033 populus
709 967 890 1034 sequeretur,
915 961 1042 1034 speciem

146 1034 256 1093 hostilis
269 1036 411 1098 exercitis
425 1035 559 1092 fecerant.
603 1035 763 1110 Tripartito
775 1036 895 1110 agmine,
924 1056 991 1112 pars
1014 1041 1042 1093 ut

147 1111 303 1180 adstiterat,
328 1112 543 1183 Flaminiana,
565 1131 630 1188 pars
648 1113 732 1187 juxta
754 1113 847 1188 ripam
860 1113 980 1178 Tiberis
1002 1115 1040 1170 in·

148 1190 252 1260 cessit3
274 1191 388 1248 tertium
415 1209 523 1264 agmen,
545 1208 599 1266 per
625 1189 771 1259 Salariam,
802 1189 924 1250 Collinae
952 1199 1041 1266 portae

148 1267 365 1344 propinquabat.
407 1267 622 1324 Plebsinvectis
632 1268 773 1342 equitibus
787 1266 857 1324 fusa.
892 1267 979 1327 Miles
994 1269 1040 1325 Vi·

148 1345 278 1404 tellianus
289 1345 368 1403 trinis
382 1350 412 1401 et
423 1345 485 1419 ipse
509 1345 647 1418 praesidiis
666 1345 800 1402 occurrit.
842 1339 950 1402 Proelia
979 1355 1041 1403 ante

148 1424 250 1479 urbem
268 1421 362 1490 multa,
388 1428 418 1478 et
443 1422 538 1491 varia3
560 1421 612 1486 sed
624 1421 773 1491 Flavianis,
795 1423 912 1480 consilio
939 1423 1042 1480 ducum

149 1498 357 1572 prestantibus,
387 1498 492 1572 saepius
518 1517 666 1573 prospera.
716 1499 738 1558 li
759 1500 864 1556 tanturn
890 1499 1042 1558 conflictati

149 1581 223 1643 sunt,
238 1575 327 1649 quiin
347 1581 457 1648 partem
479 1575 620 1632 sinistram
640 1577 718 1634 urbis
731 1577 765 1634 ad
776 1576 956 1634 Sallustianos
978 1579 1044 1642 lior.

149 1655 202 1717 tos,
223 1669 277 1725 per
300 1657 413 1726 angista
436 1658 466 1708 et
483 1652 594 1711 lubrica
614 1654 724 1711 viarum
747 1653 895 1710 flexerant.
938 1655 1043 1730 Super.

148 1733 254 1784 stantes
277 1727 423 1784 marceniis
449 1729 597 1786 hortorum
612 1729 768 1798 Vitelliani,
789 1732 823 1787 ad
843 1747 940 1788 serum
953 1750 1044 1806 usque
1091 1763 1092 1804 3

149 1803 235 1871 diem,
246 1804 320 1866 saxis
333 1803 455 1880 pilisque
468 1808 621 1864 subeuntes
635 1810 769 1865 arcebant
783 1830 789 1863 :
811 1808 902 1865 donec
913 1809 949 1864 ab
962 1808 1043 1881 equi·
1091 1827 1092 1862 l

148 1880 233 1950 tibus,
257 1881 307 1956 qni
328 1883 410 1955 porti
433 1881 546 1939 Collina
559 1884 735 1959 inruperant,
756 1884 1042 1942 circumvenirentur.

81 2017 86 2028 Ι
150 1951 332 2015 Conlurrere
350 1965 379 2014 et
391 1957 420 2016 iu
434 1977 533 2034 campo
547 1959 651 2017 Martio
662 1960 770 2018 infestas
782 1961 866 2018 acies.
909 1959 967 2017 Pro
982 1949 1045 2016 ila-

149 2035 238 2097 visais
259 2034 379 2103 fortuna,
406 2042 436 2093 et
448 2043 530 2111 parta
542 2038 644 2094 totiens
661 2038 798 2096 victoria:
822 2037 969 2094 Vitelliani
982 2036 1044 2094 des-

150 2112 298 2188 peratione
319 2113 378 2172 solt
390 2115 538 2192 'ruebant3
560 2120 768 2187 etquamquam
789 2114 873 2187 pulsi,
898 2131 997 2170 rursus
1016 2113 1045 2168 in

151 2190 223 2244 urbe
237 2190 489 2262 congregabantur.
698 2215 701 2219 ·

189 2263 352 2320 LXXXIII.
394 2266 499 2322 Aderat
526 2268 711 2341 pugnantibus
742 2273 885 2342 spectator
910 2267 1044 2342 populus,

150 2343 237 2412 utque
250 2338 279 2394 in
292 2340 403 2396 ludicro
417 2342 583 2411 certamine,
597 2345 660 2413 bos,
675 2357 772 2402 rursus
784 2345 848 2400 illos
871 2345 997 2401 clamore
1016 2349 1046 2400 et

150 2415 251 2488 plausu
263 2413 378 2473 sovebat
386 2417 411 2472 :²
430 2419 560 2492 quotiens
573 2438 640 2494 pars
651 2422 739 2478 altera
750 2421 923 2489 inclinasset,
935 2419 1043 2477 abditos

150 2491 178 2548 in
189 2491 323 2560 tabernis,
338 2501 393 2562 aut,
416 2495 541 2570 siquam
562 2496 590 2552 in
612 2497 727 2554 domum
750 2496 944 2572 perfugerant,
958 2506 966 2530 ‘
981 2499 1046 2554 erui
1092 2543 1093 2550 ,

151 2577 159 2603 ⁴
167 2569 356 2645 jugulariqne’
378 2574 602 2648 expostulantes,
616 2581 697 2648 parte
720 2575 827 2649 majore
839 2575 944 2648 praedae
955 2573 1046 2648 potie-

150 2647 260 2703 bantur.
303 2647 375 2705 Nam
401 2650 489 2707 milite
513 2650 546 2707 ad
573 2652 736 2726 sanguinem
758 2658 787 2708 et
804 2650 897 2708 cedes
911 2652 1048 2716 obverso,
1092 2693 1093 2700 .

150 2723 241 2798 spolia
251 2725 282 2782 in
304 2725 404 2802 vulgus
423 2727 571 2800 cedebant.
613 2730 695 2786 Saeva
713 2725 745 2785 a'c
755 2727 890 2786 deformis
903 2729 976 2784 urbe
990 2728 1049 2784 totta
1092 2743 1093 2772 ὲ

151 2800 246 2858 acies:
269 2801 334 2859 alibi
361 2804 463 2877 proelia
485 2812 515 2862 et
528 2807 667 2878 vulnera;
690 2806 756 2863 alibi
779 2806 897 2862 balinea
918 2804 1049 2879 popibae-

128 2934 142 2980 1
187 2980 199 3032 1
219 2979 328 3060 Omnem
333 2982 517 3065 prolationem.
554 2985 599 3038 Ita
622 2959 743 3042 restituit
769 2945 1051 3048 ernestuseeonne

151 3047 226 3102 Flor.
238 3047 328 3116 Regno
337 3052 498 3106 etedrtrone
511 3055 716 3124 prima-estque
729 3057 783 3110 boo
797 3058 911 3109 verbum
924 3056 1049 3109 usitatis-

151 3119 254 3171 simum
267 3117 404 3185 Ciceroni,
423 3139 508 3190 quuni
518 3123 715 3195 prolatationem,
729 3126 803 3194 quod
816 3136 858 3178 ast
874 3127 904 3178 in
916 3125 1051 3180 omnibus

153 3189 233 3240 editis
246 3198 310 3240 ante
319 3187 346 3240 J.
357 3189 539 3258 Gronovium,
560 3211 576 3248 e
600 3195 677 3248 nullo
700 3195 754 3248 alio
775 3196 910 3263 scriptore
933 3196 1050 3262 antiquo

153 3257 588 3400 exprppolpmmppphppppprjmm
624 3331 747 3402 Vulgati,
759 3331 808 3392 boa
819 3332 903 3396 modis
920 3332 975 3386 00‘1
987 3348 1051 3412 W·

153 3391 267 3466 ucularn
278 3394 361 3456 nwdb,
373 3412 457 3461 quam
466 3399 596 3464 ignorant
605 3399 679 3454 Flor.
690 3401 798 3470 Regius
810 3412 838 3454 et
851 3403 937 3454 editio
950 3417 1051 3469 pruna,

153 3453 219 3504 Iuno
231 3471 295 3508 oum
307 3459 333 3509 J.
343 3461 485 3518 Gronovio
495 3477 525 3518 et
537 3467 814 3532 Ernesto-erasimus.
844 3469 1052 3538 Eodcmmodu

154 3521 502 3614 pannomiam-ae,
522 3536 839 3594 manuteneamus.
1059 3525 1065 3546 “
