2254 3960
468 102 482 132 t

168 320 221 376 ΩΨ
382 360 386 368 .
436 320 468 374 Ο.
487 317 600 374 cotta.
619 317 754 378 TAOITI
858 333 887 372 a.
905 333 935 372 u.
952 333 977 372 c.
997 316 1062 372 828.

167 464 379 540 exspectatione
401 464 532 522 tristior.¹
574 464 688 539 Quippe
709 463 782 520 intra
796 462 910 531 vallum,
924 462 1060 520 deformi

166 547 210 600 tas
232 542 306 600 haud
383 543 388 553 '
428 541 619 600 enotabilis:
651 541 759 597 detexit
783 539 959 613 ignominiam
982 557 1061 596 cam·

166 637 231 692 pus,
245 627 275 676 et
285 619 362 675 dies.
404 617 429 674 R
451 619 539 678 vulsae
564 619 769 692 Imperatorum
782 615 924 690 imagines,
938 616 1059 672 inhono·

166 713 198 752 ra
220 695 322 770 signs,2
333 692 427 766 fulgen
450 696 502 751 bus
524 693 590 752 hinc
613 694 679 753 inde
698 694 847 749 Gallorum
865 692 976 750 vexillis
991 693 1058 748 rsi-

165 772 226 830 lens
248 787 356 844 agmen,
371 777 401 826 et
421 772 501 830 velut
523 771 614 844 longa
636 767 790 844 exsequia:
833 768 898 826 Dux
919 769 1057 825 Claudius

165 847 291 914 Sanctus,
305 846 516 915 effosso'oculo,
531 847 609 904 dirus
623 853 685 915 ore',
699 845 811 919 ingenio
825 846 954 902 debilior.
995 845 1056 902 Du-

153 923 286 997 plicntur
306 922 448 996 flagitium,
464 933 612 999 postquam
634 923 754 989 desertis
775 921 971 980 Bonnensibus
994 941 1057 980 cas·

135 993 391 1088 *triguaiiuerase
414 1001 488 1078 legip
515 1001 675 1058 miscuerat.
717 999 753 1056 Et
774 999 886 1072 vulgata
910 1007 1058 1074 captarum

75 1085 80 1091 “
162 1068 320 1150 legionum*
335 1066 548 1147 famiscuiscti,
575 1077 623 1152 qui
654 1078 749 1152 paullo
777 1077 838 1132 ante
865 1074 1057 1133 Romanorum

163 1171 266 1212 nomen
288 1154 453 1230 horrebant,
477 1162 678 1230 procurrentes
701 1173 738 1211 ex
758 1154 830 1227 agris
850 1155 1002 1228 tectisque,
1028 1161 1057 1211 et

163 1231 288 1308 undique
312 1231 537 1299 effushiirsolito
556 1233 723 1306 spectaculo
741 1229 855 1288 nimium
877 1231 1055 1288 fruebantur.

163 1307 192 1365 N
195 1327 232 1366 on
246 1310 308 1368 tulit
325 1311 369 1366 ala
388 1309 531 1388 Picehtina
544 1310 674 1384 gaudium
686 1310 841 1367 insultantis
855 1309 948 1390 vulgi;
972 1327 1055 1383 spre-

164 1385 257 1461 tisque
276 1387 371 1464 Sancti
394 1388 550 1464 promissis,
572 1394 619 1452 aut
639 1386 732 1454 minis,
756 1385 963 1460 Mogontiacum
988 1388 1055 1444 abe-

163 1471 214 1520 unt
229 1486 236 1520 ε
259 1479 300 1540 ac
312 1463 384 1544 {pite
405 1463 691 1544 obviointerfe'ctore
705 1463 822 1520 Voculae
837 1463 971 1536 Longino,
987 1482 1055 1520 con-

157 1539 243 1612 jectis
254 1536 366 1600 irs-‚end
373 1540 447 1610 telis,
459 1538 569 1598 initium
578 1541 757 1602 exsolvenda
768 1541 797 1608 in
807 1547 951 1615 posterum
959 1541 1055 1614 culpas

81 1658 84 1666 ,
161 1614 270 1682 secere.
324 1617 473 1690 Legiones,
500 1619 570 1690 nihil
596 1625 699 1677 mutato
724 1618 848 1686 itinere,¹
863 1624 927 1676 ante
949 1617 1057 1676 moenia

46 1691 75 1778 3*
113 1745 120 1766 Ι,
156 1689 362 1780 ⁵'I’rauerorum
376 1695 532 1752 concidunt.
577 1720 578 1726 ¹
631 1761 634 1771 Ι
737 1707 741 1716 ’
1017 1712 1021 1722 ·

34 1779 86 1824 Ρ;-·
200 1767 332 1844 Lxlltp„
348 1770 448 1828 Civilis
467 1778 496 1828 st
516 1771 668 1850 Classicus,
683 1773 769 1828 rebus
787 1771 918 1829 secundis
938 1773 1055 1845 sublati,

484 1849 631 1924 pinensem
661 1848 849 1922 diripiendam
879 1848 1056 1911 exercitibus

162 1863 197 1900 an
223 1823 369 1918 sophian
395 1842 453 1923 aar

10 1909 440 1998 x.³-.²..3;3.j„‚,taspantasiaaas,
454 1867 631 1996 iusum.
656 1925 1055 2002 ¹Saevitiainseniiretcuai·

161 1995 364 2075 dines=praiidac,
379 1992 575 2078 &exilitum
595 2001 938 2060 ciuitatistrahebantnr:
960 2003 1056 2060 obsta·

161 2079 208 2134 bat
222 2079 293 2136 ratio
313 2079 393 2146 belli,
409 2081 438 2136 et
460 2097 565 2136 novum
587 2078 737 2152 imperium
760 2078 953 2138 inchoantibus
972 2081 1055 2136 utilis

162 2156 321 2215 clementia
357 2155 437 2214 sama.
492 2155 617 2214 Civilem
642 2156 729 2212 etiam
758 2155 889 2215 beneficii
915 2157 1056 2214 memoria

161 2227 251 2297 flixit,
265 2231 344 2304 qubd
366 2231 454 2289 filium
475 2233 547 2306 ejus,
562 2233 653 2307 primo
677 2250 774 2289 rerum
796 2239 883 2298 motu,
894 2233 922 2288 in
939 2233 1057 2291 colonis

161 2306 359 2379 Agrippinensi
405 2309 626 2382 deprehensum,
665 2309 802 2366 honorati}
843 2309 1051 2367 custodierant.

161 2381 217 2436 Sed
241 2381 483 2441 Transrhenansis
506 2387 635 2458 gentibus
655 2385 751 2442 ‘inuisa
773 2385 883 2453 civitas,
906 2387 1056 2458 opulenn'a

160 2464 310 2532 auctuque.
352 2457 455 2534 Neque
472 2461 555 2518 alium
573 2463 660 2520 finem
681 2462 750 2522 belli
764 2464 907 2531 rebantur,
922 2463 1008 2540 quam
1029 2464 1055 2522 si

160 2535 319 2610 promiscua
337 2555 371 2592 ea
389 2537 474 2594 sedes
496 2538 626 2596 omnibus
648 2539 798 2598 Germanis
820 2538 906 2608 soret,
925 2545 970 2596 aut
991 2539 1054 2599 dis·

155 2613 244 2686 jecta,
258 2611 348 2680 Ubios
362 2633 474 2690 quoque
487 2615 676 2689 dispersisset.

189 2689 302 2752 LXIV..
344 2691 431 2766 igitur
452 2691 600 2762 Tencteri,
615 2693 716 2750 Rheno
736 2693 857 2752 discreta
869 2713 946 2768 gens,
959 2693 1056 2754 missis

99 2824 112 2835 „
159 2769 268 2841 legatis,
294 2770 419 2848 mandatu
445 2769 519 2844 apud
551 2771 701 2828 concilium
730 2770 976 2846 Agrippinensium
1005 2774 1056 2831 edi

156 2845 277 2919 jubent:
299 2836 369 2922 'quae
396 2845 584 2908 ferocissimus
610 2866 627 2903 e
653 2847 763 2922 legatis,
786 2847 815 2904 in
840 2849 914 2904 hunc
937 2849 1057 2908 modum

159 2923 297 2996 protulit:
320 2932 327 2958 ‘
344 2923 463 2982 Redisse
476 2942 527 2980 vos
545 2924 573 2980 in
586 2942 692 2999 corpus
706 2942 864 3000 nomenque
878 2924 1055 2994 Germanias,

161 3000 376 3056 ‘communibus
397 3000 468 3070 deis,
490 3008 520 3059 et
539 3002 686 3076 praecipuo
707 3001 824 3058 deorum
846 2999 942 3068 Marti,
958 3009 1055 3074 grates

106 3135 109 3142 ,
161 3081 169 3110 ‘
185 3075 289 3149 agimus
305 3085 312 3132 r
334 3076 472 3154 vobisque
491 3079 672 3153 gratulamur,
686 3077 763 3155 qubd
782 3078 894 3136 tandem
912 3078 998 3136 liberi
1013 3079 1055 3137 in-

196 3231 210 3282 1
228 3227 419 3299 Expectatione
431 3231 541 3286 tristior.
581 3231 681 3286 Omnia
692 3230 812 3286 tristiora
824 3231 1055 3302 mpmuadosm-

160 3300 323 3424 gibilini?
335 3299 430 3353 Livius
442 3301 477 3354 de
489 3301 562 3354 foeda
573 3301 716 3371 legionum
728 3302 869 3378 deditione
882 3303 919 3376 gad
929 3301 1057 3389 surculos

55 3462 57 3468 -
149 3471 153 3474 Δ
194 3429 467 3508 2Inbonorusigna.
503 3437 755 3507 vid'eAno.1,24.
