2252 3958
6 3513 12 3550 l

6 3551 11 3683 l

101 198 107 207 Ι
145 241 182 318 ἷΰ
408 271 411 278 ·
436 249 469 306 0.
488 242 603 306 CORN-
618 241 756 338 {Polym
859 255 929 300 so.
942 239 1047 304 am

146 405 211 482 ejus
224 398 460 474 innocentiaeque,
473 384 643 472 quasimalir
657 392 773 460 artibus,
793 386 904 450 Menai.
945 389 1043 448 Cadio

148 491 179 550 et
192 481 351 560 praedarum
363 476 482 543 initium,
502 481 532 532 et
545 473 650 548 optimo
662 471 765 545 cuique
779 468 937 545 perniciem
949 467 1043 544 queri

149 560 321 636 apparebat:
342 553 394 612 sed
406 552 512 610 Othoni
525 550 650 608 nondum
660 546 810 606 auctoritas
823 545 914 602 inerat
927 545 960 601 ad
974 561 1042 619 pro-

150 635 304 696 hibendum
321 631 433 701 scelus3
449 630 553 704 jubere
562 628 623 702 jam
636 631 757 703 poterat.
798 616 850 691 lta,
864 621 1042 680 simulatione

149 715 212 782 ira,
227 722 234 747 ‘
247 709 361 778 vinciri’¹
368 709 488 782 jussum,
502 703 531 762 et
544 712 552 739 ‘
563 704 683 779 majores
696 718 793 778 poenps
806 699 943 758 daturum’
959 697 1041 756 adfir-

150 808 239 856 mans,
252 786 386 862 praesenti
399 785 485 841 exitio
498 782 644 843 subtraxit.
947 784 954 799 '

124 906 127 918 .
190 862 294 922 XLVI.
316 863 418 920 Omnia
437 855 539 917 deinde
560 857 676 916 arbitrio
689 855 808 914 militum
821 862 892 918 acu.
933 853 1041 910 Praeto-

151 943 187 1001 rii
200 941 353 1019 praefectos
366 938 418 996 sibi
433 937 486 1013 ipsi
503 938 618 1009 legere:
641 933 762 992 Plotium
775 933 912 1000 Firmum,
926 950 942 988 e
956 932 1043 988 mani-

151 1019 296 1092 pularibus
307 1016 458 1092 quondam,
475 1021 534 1070 tum
547 1012 677 1086 vigilibus
690 1011 884 1087 praepositum,
904 1017 944 1077 et,
965 1007 1044 1065 inco-

48 1094 60 1109 '
152 1095 220 1154 lumi
233 1096 324 1152 adhuc
337 1094 438 1162 Galba,
452 1098 545 1166 partes
564 1090 834 1157 Othonissecutum.
876 1085 1043 1162 Adjung'itur
1059 1139 1064 1149 ,

150 1171 433 1247 Licinius-proculus,
447 1169 543 1226 intima
556 1166 740 1224 familiaritate
751 1160 882 1232 Othonis,
896 1169 1044 1298 susspectus
1119 1175 1120 1180 ’

150 1249 269 1324 camilia
282 1249 343 1324 ejus
354 1247 467 1305 fovisse.
482 1309 487 1318 ,
511 1243 584 1302 Urbi
595 1244 723 1301 Flavium
732 1241 933 1316 Sabinumpoe
964 1258 1043 1306 cere,

146 1327 286 1404 judicium
304 1325 428 1382 Neronis
449 1323 550 1391 secuti,
570 1322 622 1378 snb
644 1335 700 1396 quo
719 1319 849 1378 eamdem
861 1336 959 1376 curam
972 1316 1044 1374 obti·
1119 1377 1120 1382 ἵ

151 1411 262 1474 onerat,
285 1404 432 1478 plerisque
453 1398 657 1472 Vespasianum
670 1396 786 1456 fratrem
799 1397 877 1454 ineo
891 1394 1047 1470 respicien-
1119 1455 1120 1462 ,

152 1485 237 1540 ubas.
280 1475 717 1552 Flagitatum,‘utvacationes,¹
732 1475 861 1551 praestari
874 1472 1047 1532 centurioni·
1119 1479 1120 1486 ’

66 1555 75 1566 “
149 1560 229 1616 ‘bus
242 1557 344 1624 solitae,
368 1555 600 1612 remitterentur)
640 1551 770 1628 Namque
793 1552 937 1626 gregarius
950 1549 1046 1618 miles,

153 1641 186 1694 ut
207 1635 344 1692 tributum
363 1648 494 1699 annuum,
514 1631 665 1706 pendebat.
706 1631 812 1702 (hante
825 1648 890 1706 pars
903 1627 1048 1702 manipuli,

153 1729 251 1788 sparsa
271 1728 325 1784 per
344 1714 525 1777 commeatus,
552 1716 599 1767 aut
620 1709 651 1766 in
672 1707 740 1784 ipsis
761 1708 859 1766 omtris
881 1725 964 1782 vaga,
982 1705 1052 1764 dum
1119 1743 1120 1760 ,

154 1787 318 1848 mercedem
337 1785 495 1844 centurioni
514 1787 698 1857 exsolveret;
718 1803 811 1861 neque
824 1783 939 1842 modum
952 1782 1048 1841 oneris

155 1865 312 1942 qnisquam,
335 1881 429 1938 neque
440 1874 528 1937 genus
542 1863 663 1939 quaestds
677 1862 759 1942 pensi
772 1863 911 1923 babebat:
934 1879 989 1936 per
1008 1861 1049 1920 la·

134 1943 275 2018 ¹‚trocinia
297 1948 326 1999 et
349 1949 456 2016 raptus,
483 1948 530 1998 aut
555 1941 706 1998 servilibus
730 1939 903 2008 ministeriis,
924 1937 1050 1996 militare

156 2021 244 2080 otium
256 2020 441 2079 redimebant.
483 2017 561 2074 Tum
574 2017 820 2097 locupletissimus
826 2017 946 2092 quisque
956 2015 1051 2081 miles,

156 2099 254 2158 labore
268 2094 423 2156 acnaevitit
433 2093 551 2170 fabgari,
565 2095 655 2168 donec
668 2095 843 2176 vacationem
851 2100 980 2154 emeret:
1003 2093 1051 2150 ubi

156 2176 313 2250 sumptibus
332 2174 484 2230 exhaustus
497 2173 627 2234 socordid
640 2173 758 2249 insuper
779 2173 952 2245 elanguerat,
969 2170 1051 2246 inops

157 2271 212 2326 pro
225 2253 381 2328 locuplete,
401 2258 431 2307 et
443 2249 520 2308 iners
533 2269 587 2324 pro
600 2259 726 2318 strenuo,
749 2249 778 2306 in
790 2249 963 2324 manipulum
976 2249 1051 2306 redi·
1118 2293 1119 2300 ,

157 2330 224 2386 bat:
248 2347 280 2385 ac
301 2345 399 2384 rursus
419 2325 488 2384 alius
509 2335 591 2402 atque
610 2329 690 2396 nlius,
714 2327 813 2384 eddom
826 2333 951 2401 egestate
965 2344 1000 2384 ac
1020 2326 1052 2382 li·

158 2405 252 2462 eentid
265 2403 404 2478 corrupti,
428 2403 461 2460 od
482 2404 633 2462 seditiones
653 2413 682 2462 et
694 2404 847 2462 discordias
861 2411 890 2462 et
903 2404 938 2462 ad
956 2410 1051 2463 extre·

158 2501 246 2552 mum,
268 2481 344 2540 bella
357 2479 451 2540 civilia
464 2483 592 2540 ruebant.
634 2483 690 2540 Sed
713 2482 800 2552 Otho,
822 2500 859 2540 ne
880 2481 957 2558 vulgi
970 2481 1052 2556 largi·

158 2559 262 2631 tione,2
286 2559 483 2618 centurionum
509 2560 614 2618 animos
640 2567 796 2629 averteret,
823 2559 946 2618 ‘fiscum
969 2577 1051 2616 suum

159 2640 343 2698 ‘vacationes
366 2657 470 2696 annuas
496 2639 699 2714 exsolutumm'
727 2637 874 2713 promisit:
895 2655 959 2694 rem
980 2635 1053 2694 haud

159 2716 241 2775 'lubid
254 2717 363 2786 utilem,
377 2723 407 2774 et
421 2716 531 2775 abonis
545 2725 644 2792 postea
658 2715 847 2790 Principibus,
861 2716 1052 2790 perpetuitate
1117 2731 1118 2782 ,

158 2793 327 2869 disciplinae,
348 2793 493 2852 firmatam.
535 2795 610 2852 Laco
631 2792 796 2869 praefectus,
817 2801 957 2867 tamquam
970 2791 1000 2850 in
1012 2793 1051 2848 in·
1117 2787 1118 2826 ³

158 2873 249 2928 sulam
267 2878 464 2946 reponeretur,
486 2873 522 2928 ab
545 2880 674 2939 evocato,
698 2869 839 2946 quemad
861 2870 973 2930 cadem
994 2869 1053 2945 ejus

159 2946 236 3002 Otho
250 2948 435 3021 praemiserat,
456 2947 610 3004 confossus.
653 2949 685 3004 ln
699 2947 870 3006 Martiarum
884 2948 1006 3016 Icelum,
1025 2953 1053 3003 ut

159 3022 188 3080 in
201 3023 344 3091 libertum,
358 3024 447 3098 palam
462 3024 695 3084 animadversum.

195 3181 211 3234 l
234 3178 399 3235 Vacotioner.
436 3181 529 3235 Protin
539 3183 725 3237 vacationum.
761 3181 962 3238 HincFestus:
982 3178 1053 3236 dene-

150 3249 257 3318 ficims‘i
268 3250 397 3304 dicantur
407 3250 511 3317 militer,
523 3252 570 3321 pai
645 3251 803 3306 nunonem
813 3252 953 3322 beneflcio:
970 3269 984 3305 e
996 3269 1053 3306 coa·

158 3319 242 3371 tronto
253 3319 391 3388 munifices
401 3338 522 3402 pooooon
532 3328 619 3377 noran
632 3359 639 3386 ‚
652 3323 699 3376 red
709 3339 810 3375 monor
821 3321 887 3391 reip.
891 3321 1014 3443 pactam.

212 3455 289 3508 tficot

277 3524 283 3536 .
378 3458 431 3521 fra,
446 3459 546 3526 stacam
565 3476 645 3512 ratum
665 3476 681 3512 s
699 3459 774 3513 Flor.
795 3471 824 3513 ot
839 3461 932 3530 Regio
953 3459 1053 3518 euml·

189 3537 303 3578 ronorrn
315 3527 499 3595 reposuimus,
510 3543 562 3598 pro
574 3529 718 3586 editorum
728 3530 832 3604 rofiaco
843 3545 901 3585 roo.

194 3385 275 3439 2Ne
290 3389 377 3510 m}
391 3389 543 3460 lrrgdimae.
592 3390 635 3459 Ne
654 3392 722 3444 dum
741 3392 875 3454 militibus
903 3395 1011 3462 argitur
1030 3401 1054 3443 et
1116 3399 1117 3404 ’
