2254 3960
636 91 653 129 1

137 385 191 460 Μ
433 399 464 454 0.
483 393 597 454 GORN.
619 387 757 452 rtorrr
783 403 787 410 '
861 409 888 452 t.
900 347 968 452 uae.
985 393 1057 454 Μ

177 531 229 592 tv.
251 533 356 594 cneus
365 535 455 594 Julius
466 535 606 609 Agricola
614 533 708 591 veteri
719 539 749 590 et
757 531 861 592 illustri
870 533 913 591 l'o
950 533 1054 594 'atim

138 611 210 670 sium
223 612 333 670 colonit
347 621 433 680 ortus,
445 619 595 687 utrumque
608 629 692 667 avum
706 617 923 684 procuratorem
963 629 1051 668 asar-

137 704 185 746 um
208 689 325 747 habuit:
348 707 411 764 qua
434 689 574 764 equestris
600 687 728 744 nobilitas
755 693 808 744 est.
851 687 936 744 Pate-r
957 687 1051 745 Julius

138 763 285 824 Grecinus
294 766 427 823 senatorii
436 765 553 834 ordinis,
563 765 655 822 studio
666 763 837 838 eloquentia
844 765 1053 839 sapientiaeque

137 851 228 910 notus,
242 843 332 918 iisque
346 843 497 901 virtutibus
510 842 582 900 iram
595 841 657 898 Caii
671 840 793 897 casaris
807 843 933 898 meritus.
964 841 1049 898 Nam-

136 935 191 994 que
206 918 334 982 Marcum
347 919 472 978 Silanum
490 937 624 978 accusare
642 919 748 993 jussus,
763 925 801 985 et,
816 919 882 992 quia
903 919 1049 988 abnuerat,
1123 959 1124 962 ,

135 993 300 1072 interfectus
313 1005 367 1055 est.
409 997 504 1053 Mater
513 996 590 1053 Julia
601 995 723 1052 Procilla
732 993 795 1062 suit,
806 1008 880 1055 rarae
894 995 1048 1052 castitatis:

134 1071 163 1129 in
177 1073 259 1148 hujus
278 1075 340 1132 sinu
359 1074 585 1149 indulgentiaque
596 1074 741 1140 educatus,
755 1089 932 1143 peromnem
947 1072 1049 1128 bones·

134 1153 226 1211 tamn
239 1152 338 1210 artium
347 1154 453 1210 cultum
463 1153 612 1226 pueritiam
622 1147 894 1221 adolescentiamque
902 1149 1048 1220 transegit.

135 1227 259 1286 Arcebat
269 1248 333 1286 eum
345 1232 380 1288 ab
391 1229 533 1286 illecebris
543 1227 726 1303 peccantium,
735 1231 843 1297 praeter
851 1223 938 1296 ipsius
947 1225 1050 1282 bonam
1119 1231 1124 1246 '

135 1302 328 1383 integramque
352 1315 487 1373 naturam,
513 1305 589 1380 quad
615 1300 704 1358 statim
731 1301 866 1374 parvulus
892 1301 990 1358 sedem
1017 1315 1050 1359 ec

135 1381 295 1454 magistram
317 1384 471 1441 studiorum
497 1379 645 1437 Massiliam
667 1377 808 1444 habuerit,
827 1379 920 1434 locum
938 1378 1049 1436 Graeca

72 1463 74 1468 '
136 1459 267 1517 comitate
282 1467 311 1516 et
325 1461 492 1534 provinciali
505 1455 684 1531 parcimonia
699 1453 820 1522 mistum,
835 1473 867 1510 ac
881 1455 957 1510 bene
970 1473 1047 1512 com·
1115 1524 1121 1533 Ι

135 1535 266 1606 positum.
307 1535 446 1592 Memoria
459 1542 553 1600 teneo,
567 1533 679 1589 solitum
699 1532 789 1604 ipsum
813 1549 941 1597 narrare,
956 1540 1005 1588 ‘se
1018 1533 1048 1588 in

135 1611 249 1682 ‘prima
265 1613 384 1685 juventa
405 1611 525 1667 studium
546 1609 734 1684 philosophiae
758 1607 858 1674 acrius,
872 1608 946 1664 ultra
964 1609 1048 1682 quim

135 1687 323 1743 ‘concessum
346 1686 473 1743 Romano
494 1705 527 1742 ac
548 1685 683 1753 senatori,
697 1683 832 1752 hausisse,
847 1685 875 1740 ni
898 1685 1047 1758 prudentis

134 1763 253 1819 ‘matris
274 1764 419 1820 incensum
446 1781 478 1820 ac
503 1761 666 1836 flagrantem
693 1763 815 1818 animum
841 1762 1015 1818 co'e'rcuisset
1028 1763 1046 1818 :’

133 1838 244 1896 scilicet
263 1841 381 1896 sublime
401 1849 429 1896 et
450 1847 577 1897 erectum
597 1840 749 1913 ingenium,
765 1839 1002 1913 pulchritudinem
1015 1858 1047 1895 ac

134 1917 259 1991 speciem
285 1919 407 1976 excelsae
428 1935 592 1992 magnaque
613 1917 710 1989 gloria
734 1917 941 1983 vehementiae,
964 1933 1049 1990 quam

134 1996 213 2052 caute
232 1997 401 2070 appetebat:
424 2014 489 2053 mox
509 1995 643 2068 mitigavit
666 1994 736 2050 ratio
758 2002 786 2050 et
810 2002 897 2050 atas:
919 1993 1047 2050 retinuit·

135 2089 201 2146 que,
215 2073 290 2147 quod
302 2081 344 2129 est
357 2072 559 2140 difficillimum,
574 2090 609 2128 ex
623 2071 758 2144 sapientia
771 2072 893 2128 mollum.

173 2147 209 2204 V.
232 2149 325 2206 Prima
347 2159 502 2208 castrorum
523 2149 680 2206 rudimenta
702 2149 730 2204 in
750 2148 893 2204 Britannia
913 2147 1050 2206 Suetonio
1112 2149 1118 2221 .j

134 2225 274 2293 Paullino,
287 2227 413 2300 diligenti
427 2219 458 2284 ac
472 2226 616 2284 moderato
631 2225 708 2292 duci,
720 2226 904 2299 adprobavit:
927 2227 1046 2296 electus,

134 2319 218 2375 quem
243 2305 429 2360 coutubernio
455 2304 616 2360 aestimaret.
657 2301 733 2358 'Nec
760 2301 890 2374 Agricola
915 2302 1046 2373 licenter,

132 2394 212 2433 more
230 2378 379 2452 juvenum,
393 2380 441 2453 qui
465 2381 590 2438 militiam
612 2382 639 2436 in
657 2379 799 2437 lasciviam
810 2385 936 2445 vertunt,
950 2399 1046 2454 neque

132 2455 266 2528 segniter,
281 2455 314 2510 ad
336 2457 494 2529 voluptates
518 2466 547 2514 et
567 2464 748 2535 commeatus,
762 2457 873 2512 titulum
893 2457 1047 2516 tribunatius

58 2581 62 2584 .
133 2539 162 2591 et
184 2531 320 2590 inscitiam
343 2534 458 2590 retulit:
481 2533 532 2590 sed
555 2547 675 2592 noscere
698 2533 885 2607 provinciam,
898 2533 975 2590 nosci
996 2553 1047 2591 ex-

132 2612 244 2678 emitui,
258 2610 369 2670 discere
392 2611 539 2686 aperitis,
561 2613 642 2686 sequi
664 2611 794 2686 optimos,
818 2611 888 2668 nihil
908 2619 1048 2685 appetere

128 2687 292 2761 jactatione,
318 2689 388 2745 nihil
413 2690 450 2745 ob
475 2688 653 2746 formidinem
679 2707 823 2756 recusare,
850 2690 991 2764 simulque
1017 2697 1049 2748 et
1114 2721 1115 2732 ,

133 2765 229 2822 ansius
251 2773 280 2821 et
301 2766 423 2823 intentus
449 2784 544 2839 agere.
584 2765 650 2822 Nun
676 2766 741 2822 sane
765 2767 831 2821 alias
855 2767 1047 2835 exercitatior,
1113 2809 1114 2816 κ

63 2861 66 2870 ’
133 2843 275 2917 magisque
298 2843 327 2899 in
347 2844 474 2917 ambiguo
495 2843 639 2900 Britannia
662 2843 733 2899 fuit:
759 2843 890 2899 trucidati
908 2845 1046 2912 veterani,
1112 2857 1113 2898 ὲ

132 2919 254 2976 incensae
281 2921 411 2988 coloniae,
437 2921 588 2994 intercepti
615 2921 778 2978 exercitus:
804 2920 861 2976 tum
884 2919 920 2975 de
946 2921 1045 2990 salute,
1111 2929 1112 2981 l

132 2997 246 3053 morde
261 2995 378 3053 victoria
391 2998 550 3054 certavere.
591 2997 663 3065 Qua
672 2997 833 3054 cunctaetei
844 2998 968 3054 consiliis
978 2998 1051 3056 dut:-⁴
1110 3007 1111 3065 i

132 3079 219 3148 tuque
234 3073 349 3130 alterius
363 3076 523 3147 agebantur,
538 3093 570 3130 ac
590 3092 696 3130 summa
710 3093 819 3141 rerum,
833 3081 862 3132 et
875 3075 1047 3149 reciperatae-
1109 3113 1110 3147 ,

132 3151 287 3223 provincias
307 3151 395 3223 gloria
416 3152 444 3207 in
464 3152 565 3209 ducem
578 3152 664 3208 cessit
677 3174 684 3221 3
710 3159 800 3216 artem
814 3158 844 3209 et
856 3171 937 3208 usum
950 3160 979 3208 et
996 3153 1044 3210 sti-

131 3227 221 3284 mulos
248 3228 379 3285 addidere
410 3229 535 3303 juveni:
570 3229 742 3304 intravitque
770 3229 892 3286 animum
918 3229 1044 3288 militaris
1103 3233 1108 3316 Ι

131 3300 228 3384 gloriae
249 3303 362 3376 cupido,
383 3305 489 3376 ingrata
511 3307 696 3380 temporibus,
721 3307 822 3380 quibus
846 3305 958 3364 sinistra
979 3325 1046 3380 erga

132 3384 286 3432 eminentes
305 3378 513 3452 interpretatio,
527 3399 581 3438 uec
601 3383 692 3438 minus
712 3383 873 3456 periculum
894 3402 931 3440 ex
948 3386 1043 3458 magni

132 3441 214 3509 fama,
228 3453 310 3520 quam
324 3471 361 3508 ex
374 3456 456 3510 mara.

170 3513 221 3568 Vl.
248 3523 321 3578 Hinc
335 3528 368 3580 ad
382 3533 568 3601 capessendos
582 3535 794 3608 magistratusju
804 3536 914 3593 Urbem
922 3537 1038 3610 disgres-

94 3644 98 3649 .
113 3656 119 3665 Ι
127 3593 188 3696 :⁰⁵-
213 3587 361 3652 Domitiam
373 3601 562 3679 Decidiauam,
574 3612 727 3686 splendidis
736 3599 873 3672 natalibus
882 3613 1044 3684 ortamsiti

126 3703 128 3712 r
180 3724 186 3730 ³
1036 3715 1050 3750 a
