2252 3958
40 397 53 430 1

68 322 88 373 ι.
105 333 131 374 ι.
149 316 192 376 ffl.
251 317 445 424 'mauolt
464 317 537 374 UB.
557 315 767 374 SECUNDUS.
845 337 848 342 ’
924 317 961 374 71·

67 477 177 537 turmas,
199 468 361 540 universam
381 469 582 526 Treverorum
595 469 678 535 uam,
701 485 766 524 cnm
786 465 864 524 Julio
878 467 972 524 Clas·

68 545 132 610 sico
153 545 302 620 praefecto,
323 547 417 604 misit.
440 549 573 635 equibus
593 565 659 634 paru
673 545 825 603 iucoloniA
840 545 975 634 foroju-¹

67 622 144 680 liensi
158 631 278 693 retenta,
293 643 340 694 ne,
355 627 482 682 omnibus
493 625 583 700 copiis
594 625 623 682 iu
637 631 779 684 terrestre
789 625 851 680 iter
857 621 959 691 versis,

66 717 152 758 vacuo
176 703 257 770 ιιιιιι,
284 703 381 762 classis
408 701 593 760 adcelerat-et
652 702 809 760 Duodecim
832 699 962 790 equitum

64 778 175 836 tumel
187 787 217 836 et
229 781 295 842 lecti
307 781 512 849 ecohortibus,
527 779 874 838 adversushostcmiere.
898 780 961 854 qui·
980 800 986 811 ·

64 855 114 911 bus
133 856 265 944 adjuncta
286 858 421 932 Ligurum
444 859 559 926 cohors,
584 867 667 943 vetus
685 859 740 914 loci
765 859 910 924 auxilium,
931 863 962 914 'et

63 932 205 1007 quingenti
219 934 355 992 Pannonii
370 935 493 991 nondum
505 936 592 992 sub
571 934 665 1007 tignis.
708 934 771 992 Nec
784 955 864 992 mora
881 953 959 1024 ριιιι-

61 1009 114 1066 lio:
139 1012 193 1067 sed
208 1013 269 1068 acie
289 1013 326 1067 ita
346 1013 492 1079 instructo,
513 1021 544 1068 ut
565 1031 630 1086 pars
652 1013 844 1080 classicorum,
867 1013 960 1070 mixtis

59 1089 190 1172 paganis
209 1090 240 1142 in
253 1089 343 1144 colles
356 1088 427 1143 mari
440 1107 616 1162 propinquos
628 1099 806 1158 exsurgeret
827 1101 960 1164 quantum

57 1163 138 1220 inter
151 1165 241 1220 colles
256 1183 289 1220 ac
303 1165 369 1222 litus
382 1165 460 1238 equi
479 1166 545 1231 loci,
567 1165 753 1238 praetorianus
767 1167 848 1222 miles
862 1169 960 1244 exple-

60 1248 115 1308 ret,
131 1242 160 1296 in
176 1255 321 1320 ipsumam
336 1252 367 1296 ut
379 1243 488 1296 adnexu
500 1241 598 1296 classis
612 1249 754 1314 etpugnae
771 1249 875 1314 parato,
896 1261 961 1300 oon-

60 1321 156 1386 versa,
171 1326 205 1375 et
214 1309 440 1375 mnac1fmnte2
453 1318 692 1392 praetenderetur.
736 1318 888 1386 Vitelliani,
904 1322 964 1410 qui

60 1391 111 1452 bus
124 1397 220 1457 minor
233 1396 397 1471 peditum
370 1415 424 1463 ιιι,
438 1396 467 1452 in
478 1396 577 1471 equite
585 1399 684 1464 robur,
698 1397 817 1486 Alpinos
829 1396 964 1471 proximis

58 1473 141 1547 jugis,
169 1477 304 1532 cohortes
326 1475 437 1534 densis
448 1475 593 1538 ordinibus
620 1483 685 1550 post
708 1477 852 1550 equitem
848 1477 970 1533 &locant-

19 1587 21 1596 ‚
64 1552 263 1610 Treverorum
276 1554 375 1610 turma
397 1554 528 1610 obtulere
547 1573 578 1610 se
600 1554 672 1611 hosti
683 1555 813 1622 incaute,
835 1556 899 1630 cum
913 1573 963 1612 ex·

63 1629 171 1704 ciperet
185 1633 285 1688 contra
306 1640 473 1688 ueteranus
479 1633 571 1700 miles,
596 1633 677 1690 simul
692 1652 709 1688 a
724 1633 900 1690 lateremus
915 1653 962 1690 ur·

61 1717 139 1783 geret
155 1718 233 1785 apta
242 1711 276 1766 ad
290 1705 461 1784 jaciendum·
476 1712 558 1768 etiam
579 1729 749 1784 paganorum
772 1729 891 1768 manus:
915 1713 962 1785 qui

64 1787 244 1860 sparsiiuter
260 1789 374 1855 milites,
396 1788 503 1844 strenui
510 1789 676 1864 ignavique
700 1789 728 1844 in
751 1789 868 1844 victorii
888 1787 963 1846 idum

64 1865 209 1928 audebant
262 1865 379 1924 Additus
402 1867 543 1939 perculsis
566 1873 671 1932 terror,
677 1866 807 1932 ,invecti
833 1865 861 1922 in
885 1875 964 1938 terga

63 1945 243 2033 pugnantium
257 1945 357 2001 classe
400 1944 442 1999 lta
462 1945 586 2018 undique
598 1917 707 1998 clausi.
729 1943 890 2028 deletaeque
904 1961 962 1998 om-

63 2037 111 2076 nes
124 2023 217 2104 copie
227 2021 343 2090 ',forent
362 2011 392 2078 ni
412 2021 553 2078 victorem
574 2019 732 2077 exercitum
746 2021 901 2076 attinuisset
914 2021 963 2074 ob·

63 2113 174 2158 scarum
189 2099 292 2166 noctis,
306 2100 434 2157 obtentui
446 2097 627 2170 fugientibus,

99 2176 163 2236 XV.
200 2175 436 2266 Nervitelliqm
451 2175 707 2251 quamquamvicti,
717 2175 875 2250 quiartere
891 2176 972 2246 acci*

63 2254 95 2310 tis
109 2257 238 2324 auxiliis,
256 2275 389 2314 securum
411 2255 491 2312 hoste
494 2273 532 2322 m,
557 2273 590 2312 ac
606 2267 740 2326 successu
756 2271 853 2311 rerum
866 2273 963 2311 socor-

63 2330 129 2389 dida
141 2341 271 2408 agentem
292 2335 446 2391 invadunt:
475 2332 551 2392 caesi
562 2335 673 2407 vigiles,
702 2341 839 2410 perrupta
862 2336 951 2392 castra

63 2413 231 2486 trepidatum
245 2413 321 2486 apud
333 2431 438 2470 naves
461 2413 564 2480 donec,
585 2414 695 2472 sidente
718 2414 861 2502 paullatim
875 2421 962 2478 metu,

64 2499 199 2566 occupato
214 2492 302 2566 juxta
312 2492 387 2547 colle
400 2489 542 2558 defensi,
542 2511 611 2549 mox
624 2487 772 2566 inrupere'.
815 2485 904 2548 Atrox
924 2492 963 2546 ibi

64 2568 165 2636 caedes,
180 2577 210 2624 et
224 2567 417 2640 Tungrarum
419 2569 580 2634 cohortium
594 2569 735 2640 prefecti,
750 2571 903 2623 sustentata
914 2569 963 2640 diu

64 2645 133 2708 acie
153 2646 220 2702 telis
241 2645 409 2698 obruuntur
451 2641 498 2696 Ne
512 2643 678 2700 Othonianis
692 2643 826 2716 quidem
820 2652 964 2699 incruenta

63 2722 184 2780 victoria
197 2719 260 2786 fuit,
283 2735 405 2792 quorum
417 2717 577 2790 improvide
593 2718 716 2783 secutos,
737 2720 870 2774 conversi
885 2721 964 2793 equi·
953 2741 974 2762 ι

65 2807 103 2858 tes
117 2801 381 2859 circumvenerunt.
423 2795 465 2850 Ac
484 2793 563 2849 velut
552 2797 683 2869 tpactis
692 2795 821 2863 induciis,
846 2801 882 2852 n'e
898 2798 974 2855 hinc*

41 2879 170 2946 vclassis,
194 2875 261 2934 iude
275 2888 364 2949 eques
373 2863 499 2940 subitam
513 2869 689 2944 formidinem
704 2872 854 2942 inferrent,
874 2873 971 2932 vitel-¹

64 2955 128 3012 linui
142 2964 221 3013 retro
243 2949 410 3027 Antipolim,
435 2937 630 3009 Narbonensis
650 2954 752 3009 Galliae
772 2953 963 3029 municipium,

66 3031 215 3092 Othoniani
230 3032 449 3106 Albingaunum,
463 3030 608 3092 interioris
625 3032 755 3106 Liguriae,
770 3035 933 3096 revertere·v

104 3109 183 3212 llVI.
226 3109 374 3166 Corsicam
402 3127 434 3167 ac
459 3108 624 3178 Sardiniam,
649 3117 818 3186 ceterasque
842 3109 964 3185 proximi

102 3267 113 3318 1
136 3231 282 3321 duodecim
304 3263 424 3334 equitum
442 3270 543 3318 turmoe.
580 3266 635 3318 Ala
656 3267 729 3318 enim
748 3265 847 3318 decem
859 3275 967 3320 turmas

68 3333 187 3390 habebat
196 3337 277 3389 duae'
271 3336 355 3404 igitur
367 3347 466 3388 turmae
476 3336 505 3388 in
516 3336 627 3388 colonio
636 3335 824 3403 Forojuliensi
836 3345 968 3392 retenta
958 3375 973 3404 ,,

69 3405 197 3474 reliquae
191 3423 219 3457 in
232 3407 342 3458 hostem
354 3407 454 3460 misse.

69 3473 119 3591 ιιι
110 3475 271 3599 (ἰξιιιινιᾶ
283 3479 307 3528 ιι
318 3473 523 3546 minacisronte.
536 3473 638 3532 Proris
650 3475 765 3531 acelicet
775 3486 803 3530 et
814 3477 912 3572 rostris
921 3475 965 3532 lit-

82 3543 120 3596 ori
137 3561 152 3599 o
172 3561 258 3598 versis
