2254 3960
66 340 210 398 aeos
266 313 269 322 Ι
421 339 643 398 cumnis.
675 407 678 418 ¹
713 353 716 362 “
937 341 996 404 963

68 497 161 558 tante,
172 489 247 548 sicru
258 487 435 548 samareae
449 487 558 560 Parthi,
569 490 622 566 sq
632 487 729 552 stricti
739 495 769 549 et
778 487 900 581 singulos
913 498 992 554 artus
1041 485 1044 494 ¹

68 568 264 644 exprimente.
303 565 454 625 Geruutet
463 565 587 626 ferarum
597 569 700 644 pelles,
710 570 832 644 proximi
842 568 913 645 ripe
924 589 991 646 neg-

69 645 206 722 ligenter,
219 643 374 704 ulteriores
392 643 568 721 exquisitius,
579 652 612 703 nt
625 645 727 721 quibus
740 647 834 704 nullus
847 665 902 723 per
914 667 992 706 coru-

68 724 181 781 mercia
194 723 296 782 celtus·
337 721 451 798 Eligunt
471 721 559 792 ieras,
572 730 602 780 et
621 723 747 782 musco
758 725 898 782 velamina
911 743 991 801 spar-

67 807 141 876 gunt
149 801 267 860 maculis
276 799 704 877 pellibusquebelluarum,quas
713 802 991 874 exteriorOceanus,

61 885 159 956 ‘atque
172 878 297 953 ignotum
310 897 389 936 mere
402 879 497 953 giguit
539 877 603 937 Nec
617 879 686 936 alius
700 879 812 937 leminis
826 881 910 955 quim
922 881 991 940 viris

67 955 204 1028 habitus;
225 956 278 1014 nisi
292 957 368 1032 quod
382 955 495 1016 lemine
514 957 619 1033 smpius
633 957 714 1014 lineis
729 957 875 1015 amictibus
895 960 992 1018 velen·

68 1045 254 1114 tumorque
267 1035 395 1112 purpure
415 1034 534 1099 varient,
548 1041 716 1109 partemque
731 1036 848 1092 vestitus
861 1037 991 1112 superio·

69 1113 113 1171 ris
126 1113 157 1170 iu
170 1113 294 1172 manicas
307 1131 363 1170 non
378 1112 543 1180 extendunt,
557 1111 639 1168 nudae
661 1111 777 1169 brachia
797 1131 829 1169 ec
847 1114 991 1172 lacertosi

66 1189 125 1250 sed
140 1195 170 1246 et
183 1190 310 1265 proxima
323 1208 390 1268 pars
403 1189 528 1267 pectoris
541 1196 628 1264 patet.

111 1266 224 1326 XVlll.
265 1269 440 1343 Quamquam
448 1285 550 1324 severs
562 1265 820 1337 illicmatrimonia3
842 1283 896 1326 nec
907 1268 993 1328 ullum
1101 1291 1106 1298 ·

68 1365 186 1406 morum
199 1355 310 1421 perlem
323 1345 408 1420 magis
422 1345 580 1403 laudaveris
594 1365 601 1400 ε
624 1363 687 1402 narn
698 1345 787 1420 prope
797 1342 850 1402 soli
858 1345 991 1403 barbaro·

69 1443 138 1484 rum
155 1423 271 1498 singulis
294 1424 430 1482 uxoribus
452 1421 577 1480 contenti
599 1431 675 1490 sumt,
696 1423 993 1498 exceptis·edmoddm

69 1502 183 1579 paucis,
197 1503 245 1578 qui
258 1521 314 1560 non
327 1501 455 1569 libidine,
468 1500 520 1558 sed
530 1502 566 1557 ob
580 1499 766 1570 nobilitatem,
780 1500 910 1576 plurimis
920 1519 991 1578 nup-

69 1582 120 1642 tiis
133 1581 301 1640 ambiuntur.
346 1579 449 1638 Dotem
463 1597 519 1636 non
532 1596 606 1636 uror
619 1580 731 1647 marito,
745 1579 796 1636 sed
809 1578 992 1638 uxori-mari-

69 1666 118 1718 tns
139 1657 235 1716 offert.
277 1659 421 1716 intersunt
443 1663 575 1734 parentes
595 1663 625 1714 et
644 1657 808 1734 propinqui,
822 1673 856 1715 ac
875 1673 994 1720 munera

69 1738 214 1814 probant:
235 1755 352 1794 munera
372 1753 427 1792 non
448 1733 481 1792 ad
495 1734 611 1792 delicias
626 1735 780 1792 muliebres
795 1734 924 1811 quesita,
938 1755 993 1794 nec

70 1815 175 1892 quibus
183 1833 255 1872 nora
264 1823 351 1890 nupta
359 1821 486 1871 comatur
496 1833 504 1883 ;
525 1812 575 1870 sed
585 1813 685 1881 boves,
696 1820 725 1869 et
735 1811 876 1870 stenelum
887 1832 992 1888 equum

70 1901 101 1960 et
115 1901 227 1952 scutum
239 1911 303 1950 cum
325 1891 440 1960 framel,
453 1890 613 1965 gladioque.
654 1889 687 1946 ln
708 1890 771 1946 hac
792 1907 992 1948 muuerauxor

70 1972 223 2048 accipitur,
238 1979 322 2052 atque
342 1971 464 2028 invicem
474 1968 536 2044 ipsa
549 1984 692 2024 armorum
704 1967 808 2042 aliquid
823 1966 884 2024 viro
897 1967 990 2026 affert.

64 2050 138 2110 Hoc
161 2049 309 2107 maximum
329 2049 483 2115 vinculum,
497 2047 559 2104 brec
577 2063 678 2102 arcane
691 2062 781 2112 sacra,
795 2044 847 2102 hos
861 2045 991 2123 conjuga·

69 2129 115 2186 les
126 2129 196 2186 deos
209 2127 388 2186 arbitrantur.
430 2123 476 2182 Ne
489 2143 521 2181 se
534 2122 638 2181 mulier
656 2131 738 2180 extra
757 2122 893 2180 uirtutum
914 2124 991 2198 cogi-

68 2207 205 2274 tationes,
219 2213 357 2281 extr-sque
377 2205 518 2261 bellorum
537 2219 617 2262 casus
638 2209 729 2276 putet,
743 2201 811 2276 ipsis
831 2200 991 2276 incipienti·

70 2283 243 2343 matrimonii
253 2283 386 2358 auspiciis
398 2282 574 2348 admonetur,
585 2280 685 2337 venire
696 2297 727 2338 se
738 2279 867 2337 laborum
878 2281 991 2356 pericu-

71 2364 227 2438 lorumque
240 2361 357 2428 sociarn,
371 2360 446 2417 idem
463 2361 492 2416 iu
503 2377 587 2435 pace,
601 2358 677 2415 idem
689 2359 718 2416 iu
730 2359 833 2433 proelio
846 2377 991 2434 passuram

71 2457 285 2515 ausuramque:
308 2439 363 2496 boc
378 2437 471 2514 juncti
488 2438 591 2505 boves,
612 2437 667 2496 boc
688 2443 800 2513 paratus
821 2456 922 2512 equus,
936 2439 991 2495 huc

70 2518 138 2576 dete
158 2535 236 2582 arma
257 2515 429 2574 denuntient.
481 2515 527 2572 Sic
548 2515 711 2582 vivendum,
731 2515 772 2571 sic
794 2515 989 2589 pereundum:

69 2597 206 2673 eooipere
226 2613 268 2664 se,
290 2613 354 2674 quae
375 2593 474 2650 liberis
493 2592 628 2649 inviolata
649 2611 689 2654 ac,
701 2591 782 2664 digna
803 2591 911 2661 reddat,
926 2610 990 2667 quae

69 2693 161 2734 nurus
176 2673 323 2750 accipiant,
338 2672 490 2748 rursusque
504 2669 670 2742 adnepotes
685 2667 818 2726 referant.

89 2815 92 2822 ,
111 2751 193 2808 ΧΙΧ.
235 2749 310 2826 Ergo
324 2753 404 2826 septu
415 2747 548 2825 pudicitia
561 2754 655 2820 agunt,
669 2746 752 2803 nullis
763 2745 991 2820 spectaculorum

69 2829 238 2898 inlecebris,
265 2829 349 2888 nullis
382 2826 577 2886 conviviorum
600 2823 806 2882 inritationibus
833 2832 978 2900 corruptas

68 2910 233 2968 Litererum
266 2913 378 2965 secreta
410 2905 477 2973 viri,
502 2902 611 2980 pariter
640 2921 673 2960 ac
701 2901 825 2971 feminae,
852 2902 980 2976 ignorant

69 2985 245 3045 Paucissima
269 2985 299 3042 iu
329 2991 385 3043 tam
410 2983 561 3040 numerosi
586 2988 670 3056 geute
697 2979 845 3049 adulteria,
869 2997 990 3056 quorum

68 3073 158 3142 poeua
171 3069 352 3138 praesens„et
366 3061 470 3118 maritis
484 3059 629 3135 permissa.
672 3058 778 3116 Acciris
791 3059 927 3127 crinibus,
938 3079 989 3116 nus

69 3143 286 3210 delementum
308 3139 486 3214 propinquis,
504 3137 624 3212 expellit
642 3136 735 3210 domo=
744 3137 870 3204 maritus,
884 3154 915 3208 ac
936 3155 991 3210 per

70 3237 187 3278 omnem
209 3218 305 3276 vicum
328 3219 453 3274 verbere
474 3216 547 3290 agit:
572 3215 722 3290 publicator
747 3214 823 3272 euim
846 3212 990 3288 pudicitie

69 3297 151 3356 nulla
165 3295 250 3354 venia
265 3317 272 3352 ε
300 3310 356 3354 uon
379 3293 478 3361 sormi,
492 3311 548 3349 non
572 3300 664 3359 etate,
678 3311 734 3349 non
743 3292 847 3367 opibus
859 3290 989 3348 maritum

70 3374 225 3432 invenerit.
266 3371 361 3429 Nemo
375 3373 450 3428 enim
466 3370 524 3428 illic
537 3369 604 3427 vitia
618 3370 692 3427 ridet
706 3391 712 3426 :
735 3387 787 3429 nec
801 3387 989 3444 corrumpere

71 3460 103 3510 et
115 3451 272 3526 corrumpi,
287 3449 422 3507 seculum
435 3454 563 3514 vocetur.
605 3443 708 3505 llleliirs
719 3446 832 3523 quidem
842 3447 933 3505 adbuc
944 3464 989 3506 eu

71 3530 212 3601 civitates,
226 3529 255 3586 in
278 3528 380 3605 quibus
400 3527 506 3588 tantum
528 3523 651 3602 virgines
674 3526 791 3595 nubunt,
805 3531 835 3583 et
853 3543 918 3584 cum
936 3543 989 3600 spe
