2254 3960
100 369 125 412 s.
144 372 172 412 s,
189 357 233 412 er.
347 331 363 449 ι’
391 320 421 362 ”
450 304 661 414 semesis.
963 359 1016 413 eos

102 505 179 563 inani
202 504 356 581 jactatione
377 503 525 576 libertatis,
551 504 651 567 tonum
670 501 811 580 satumque
831 506 1013 580 provocabat.

103 582 211 652 Sciant,
224 583 327 658 quibus
345 583 431 642 moris
454 591 498 642 est
519 583 616 642 illicita
635 583 743 650 mirari,
757 599 841 658 posse
855 583 938 640 etiam
961 585 1016 642 sub

102 659 185 718 malis
204 659 383 736 Principibus
403 679 515 736 magnos
535 660 717 720 virosesse:
740 659 961 736 obsequiumque
982 679 1016 718 ac

99 735 279 806 modestiam,
290 738 313 794 si
326 736 460 796 industria
470 757 502 798 ac
512 738 593 813 vigor
603 737 702 807 adsint,
713 739 750 798 eb
761 737 850 796 laudis
861 737 1014 806 excedere,

86 867 88 870 .
102 815 163 888 qud
176 816 306 890 plerique
320 816 517 890 perrumpti,
531 814 623 872 sedin
631 816 740 874 nullum
748 813 913 897 reipublice
922 833 1015 884 usum,

98 891 248 949 ambitiosa
261 899 351 950 morte
364 891 565 952 inclaruerunt.
1087 961 1095 968 ,

141 967 248 1025 XLlll.
269 968 346 1025 Finis
355 968 421 1029 vite
432 969 494 1044 ejus
504 969 584 1030 nobis
591 970 849 1039 luctuosus,amicis
859 971 955 1038 tristis,
965 988 1013 1028 ex-

97 1047 207 1104 traneis
217 1038 531 1126 etiamignotisq'uenon
541 1047 601 1103 sine
611 1048 680 1104 cura
690 1045 750 1102 fuit.
772 1045 880 1119 vulgus
891 1065 1015 1124 quoque,

99 1133 133 1185 et
145 1125 192 1182 bic
215 1123 289 1180 aliud
310 1139 393 1195 agens
416 1124 548 1198 populus,
562 1130 591 1179 et
611 1122 785 1180 ventitavere
802 1121 837 1178 ad
849 1123 972 1192 domum,
986 1133 1016 1180 et

98 1222 157 1281 per
175 1200 247 1270 sors,
269 1207 297 1258 et
320 1199 443 1257 circulos
463 1199 549 1258 locuti
572 1205 653 1258 sunt:
675 1217 729 1258 nec
752 1199 909 1274 quisquam,
923 1201 1015 1258 audita

94 1286 193 1338 *morte
214 1277 365 1352 Agricolas,
379 1283 426 1335 aut
448 1277 556 1334 laetatus
580 1283 633 1346 est,
653 1282 700 1332 aut
722 1276 813 1336 statim
833 1276 936 1334 oblitus
959 1286 1012 1335 est.

9 1395 16 1412 .
59 1407 61 1411 ,
98 1357 230 1432 Augebat
251 1355 470 1421 miserationem,
490 1360 620 1412 constans
643 1371 750 1422 rumor,
772 1361 906 1426 ‘yeneno
926 1353 1013 1412 inter·
1123 1421 1124 1428 ἵ

99 1444 107 1469 ‘
125 1433 261 1508 ceptum.’
302 1431 392 1490 Nobis
403 1431 472 1488 nihil
486 1430 624 1506 comperti
633 1430 780 1488 adfirmare
789 1430 897 1488 ausim:
920 1437 1012 1489 ceter-

96 1512 157 1580 um,
167 1527 220 1585 per
233 1527 344 1568 omnem
357 1508 545 1566 valetudinem
559 1508 630 1583 ejus,
640 1507 779 1575 crebrius,
791 1508 874 1582 quam
887 1525 924 1567 ex
932 1527 1012 1568 more

65 1649 71 1658 ,
95 1587 271 1664 principatsss
292 1604 346 1662 per
369 1585 480 1644 nuntios
502 1585 629 1654 visentis,
644 1591 674 1642 et
692 1585 860 1664 libertorum
874 1585 968 1660 primi,
983 1594 1013 1644 et

71 1661 73 1664 ’
96 1665 275 1722 medicorum
287 1662 514 1723 intimissnsre:
536 1662 598 1720 sire
617 1681 685 1720 cura
702 1661 782 1730 illud,
795 1661 856 1718 sive
870 1661 1013 1739 inquisitio

96 1747 170 1800 erat.
212 1741 351 1814 Supremo
372 1740 485 1814 quidem
496 1739 554 1816 die,
567 1745 708 1800 momentu
720 1739 876 1796 deficientis
890 1758 944 1814 per
955 1739 1011 1798 dis'-

26 1815 36 1822 ”
95 1818 205 1894 positos
218 1835 350 1876 cursores
363 1817 486 1876 nuntiata
498 1817 651 1883 constabat,
664 1817 742 1871 nullo
754 1815 900 1884 credente,
912 1818 952 1874 sic
965 1837 1011 1874 ac·

95 1895 233 1964 celerari,
257 1913 323 1970 que
345 1894 432 1951 tristis
458 1893 580 1950 audiret·v
631 1891 763 1964 Speciem
788 1897 880 1948 minen
906 1893 1011 1950 doloris

95 1973 191 2029 animo
204 1971 341 2047 vultuque
354 1989 448 2045 prese
461 1965 535 2038 tulit,
548 1986 666 2028 seeunus
683 1967 745 2042 jam
758 1967 825 2034 odii,
840 1975 868 2024 et
881 1969 930 2043 qui
943 1968 1010 2027 faci·
1039 2017 1046 2035 ,
1064 1994 1065 1997 ¹
1099 2032 1100 2036 ,

93 2046 152 2106 lits
165 2048 352 2105 dissimularet
363 2047 503 2122 gaudium,
517 2047 600 2122 quim
617 2050 732 2104 mettun
758 2044 843 2106 *Satis
857 2047 1009 2124 constabat,

94 2125 175 2181 lecto
193 2131 359 2182 testamento
380 2121 532 2197 Agricolae,
545 2139 601 2198 quo
613 2119 792 2186 coheredem
800 2121 913 2195 optimas
928 2126 1011 2181 uxori

35 2205 41 2210 '
93 2207 128 2256 et
142 2199 274 2274 piissime
287 2201 354 2256 filie
369 2199 557 2257 Domitianum
569 2197 692 2274 scripsit,
705 2198 828 2256 laetatum
842 2215 916 2266 eum,
930 2201 1010 2258 velut

94 2277 208 2337 honera
225 2275 411 2351 judicioque:
433 2285 489 2334 tam
512 2296 588 2336 casca
608 2283 639 2335 et
656 2282 789 2351 corrupta
801 2271 1009 2335 mens'assiduis

95 2353 393 2422 adulationibus'erat‚
407 2361 438 2410 ut
457 2355 583 2412 nesciret
603 2355 619 2410 i
640 2353 715 2410 bono
741 2360 821 2429 patre
842 2371 898 2412 non
923 2355 1009 2412 scribi
1123 2423 1124 2428 ἵ

94 2431 246 2499 heredem,
259 2430 311 2489 nisi
325 2431 427 2488 malum
447 2431 618 2506 Principem.

136 2506 241 2564 XLIV.
282 2506 370 2565 Natus
384 2515 446 2565 erat
455 2509 597 2580 Agricola,
608 2507 677 2567 Caio
689 2506 933 2574 Caesare,tertii1m
941 2525 1007 2566 con·
1059 2554 1062 2561 .

94 2584 172 2652 sule,
181 2584 276 2642 idibus
289 2583 379 2642 Juniis
391 2606 397 2642 :
421 2585 543 2642 excessit
552 2591 633 2641 sexto
645 2590 674 2639 et
684 2583 913 2658 quinquagesimo
925 2603 1006 2652 anno,

94 2661 208 2718 decimo
222 2654 361 2718 Calendis
376 2663 567 2737 Septembres,
581 2660 700 2732 Collega
718 2659 873 2736 Priscoque
887 2655 1021 2720 consuli·¹

31 2734 34 2742 ’
93 2739 160 2794 bus.
202 2739 287 2808 Quod
296 2739 319 2795 si
328 2739 452 2799 habiturn
461 2755 573 2813 quoqne
587 2737 648 2811 ejus
659 2737 766 2810 posteri
777 2753 897 2794 noscere
909 2738 1006 2809 velint,

69 2843 71 2850 s
94 2815 244 2872 decentior
270 2817 353 2892 quam
379 2816 525 2874 sublimior
549 2813 620 2874 fuit:
642 2813 712 2870 nihil
737 2815 826 2875 metis
853 2813 881 2870 in
907 2817 1004 2876 vultu:

92 2893 184 2966 gretia
196 2894 253 2950 oris
267 2899 435 2969 supererat:
457 2894 560 2960 bonum
574 2891 667 2948 virum
679 2890 759 2948 facile
773 2890 918 2960 crederes,
933 2911 1006 2967 mag·

92 2970 306 3036 numlibepter.
341 2969 378 3026 ut
390 2971 452 3045 lpse
465 2971 588 3046 quidem,
600 2983 765 3044 quamquam
778 2967 908 3025 medioin
916 2967 1006 3050 spatio

92 3047 214 3120 integras
235 3049 323 3106 aetatis
344 3055 471 3122 ereptus,
486 3047 616 3124 quantdm
629 3044 664 3102 ad
676 3046 803 3119 gloriam,
816 3044 1006 3118 longissimum

94 3141 191 3181 aevum
204 3125 323 3198 peregit.
365 3125 479 3200 Quippe
502 3132 531 3182 et
549 3142 620 3182 vera
639 3123 724 3190 bona,
738 3143 802 3198 quse
816 3123 844 3180 in
857 3123 1005 3182 virtutibus

91 3200 149 3258 sita
157 3207 231 3268 sunt,
242 3201 428 3276 impleveram
450 3208 479 3259 et
489 3201 682 3262 consularibus
691 3219 723 3258 ac
733 3199 948 3274 triumphalibus
959 3218 1004 3257 or·
1019 3235 1022 3254 1

92 3278 234 3342 nomentio
247 3279 377 3352 praedito,
392 3279 466 3354 quod
479 3278 556 3335 ¹uliud
575 3279 720 3342 amtrue're
738 3275 848 3336 fortuna
870 3277 1004 3350 poterat?

91 3354 206 3429 Opibus
227 3355 317 3412 nimiis
338 3375 393 3416 non
412 3356 568 3428 gaudebat,
589 3356 727 3431 speciose
749 3353 922 3428 contigerant
938 3351 1004 3420 filie

92 3437 179 3506 atque
193 3449 284 3489 uxore
304 3434 512 3508 superstitibus,
527 3439 619 3508 potest
639 3433 731 3492 videri
744 3433 829 3490 etiem
842 3432 949 3501 beatus,
963 3431 1003 3490 in·

82 3509 200 3584 ,solumi
212 3509 355 3592 dignitate,
369 3509 488 3577 florente
501 3510 584 3582 fami,
597 3511 680 3571 salvis
694 3510 879 3571 adfinitatibus
892 3515 921 3568 et
938 3508 1003 3570 ami-
