2252 3958
137 501 192 560 pm
214 480 276 540 aede
297 481 435 558 Apollinis
458 482 569 551 Galbae,
582 481 726 556 haruspex
748 477 910 536 Umbricius
932 479 1043 538 ‘tristia

138 568 231 629 ‘exta
246 567 275 618 et
294 556 428 618 instantes
449 559 571 627 insidias,
585 579 618 616 ao
630 558 815 618 domesticum
829 557 949 613 hostem’
963 575 1041 631 prae-

24 374 27 380 -
134 285 236 425 aa
428 337 461 396 c.
480 335 595 396 coru.
615 333 753 392 raons
856 332 1046 392 sacrans,

137 635 224 695 dicit:
248 638 378 696 audiente
392 638 506 695 Othone
521 637 599 714 (nam
612 636 758 712 proximus
770 631 928 710 adstiterat)
944 633 1042 709 idque,

137 723 170 772 ut
190 717 286 772 latum
299 716 315 771 ὲ
329 715 482 784 contrario,
504 722 532 771 et
546 715 603 770 suis
623 713 839 786 cogitationibus
857 727 1041 786 prosperum,

134 791 351 868 interpretante.
372 793 456 866 ‘'Nec
470 793 559 850 multo
574 794 640 868 post
658 791 777 846 libertus
788 789 956 848 Onomastus
969 801 1044 846 nun:

136 869 197 939 tiat,
212 871 390 944 ‘exspectari
413 889 478 928 eum
492 872 528 926 ab
541 871 708 935 architecto,
722 875 752 924 et
764 867 992 941 redemptoribus
1004 869 1041 924 :⁹1

138 949 201 1021 qudi
216 946 379 1020 significatio
399 947 560 1004 coeuntium
578 947 637 1022 jam
657 945 786 1012 militum,
800 953 830 1001 et
852 949 959 1020 paratas
973 964 1042 1001 con-

135 1024 283 1100 jurationis
297 1021 481 1081 conveneratss
524 1025 610 1092 Otho,
626 1031 756 1080 ‘causam
779 1023 929 1103 digressds’
945 1023 1041 1097 requi-

139 1101 276 1170 rentibus,
291 1101 353 1159 clun
369 1103 441 1158 ‘emi
455 1103 507 1158 sibi
523 1101 631 1176 praedia
643 1107 781 1158 vetustate
793 1109 936 1175 suspecta,
946 1102 1043 1174 eoque

139 1179 234 1252 ‘priris
255 1181 448 1253 exploranda,’
463 1179 599 1248 finxisset,
614 1179 724 1235 innixus
748 1178 862 1246 liberto,
877 1185 931 1255 per
952 1177 1042 1237 Tibe-

138 1257 244 1330 rianam
267 1257 390 1326 domum,
404 1258 433 1313 in
456 1257 622 1324 Velabrum,
636 1256 702 1312 iude
721 1255 755 1312 *ad
780 1255 943 1312 Milliarium
958 1274 1042 1314 aure-

138 1334 200 1392 um2
213 1337 265 1390 sub
279 1335 370 1392 aedem
394 1336 505 1391 Saturni
515 1385 517 1388 ,
528 1332 631 1408 pergit.
675 1333 717 1388 lbi
740 1340 798 1390 tres
813 1340 842 1390 et
856 1333 953 1413 viginti
975 1353 1042 1410 spe-

138 1414 278 1469 culatores
301 1411 503 1468 consalutatum
526 1413 733 1487 Imperatorem,
754 1431 786 1467 ac
807 1412 947 1486 paucitate
968 1413 1043 1468 salu-

137 1490 253 1546 tantium
266 1489 419 1563 trepidum,
434 1497 464 1546 et
476 1490 555 1544 sellas
570 1487 735 1545 festinanter
751 1488 922 1563 impositum,
937 1490 1044 1549 strictis
1111 1501 1124 1518 ''

138 1566 330 1633 mucronibus,
345 1567 465 1640 rapiunt.
510 1565 643 1622 Totidem
657 1565 748 1622 ferme
762 1567 865 1624 utilitas
889 1567 918 1640 in
938 1565 1045 1625 itinere.

138 1650 340 1716 aggregantur3
363 1644 409 1698 alii
436 1643 618 1712 couscientia,
640 1645 772 1719 plerique
798 1645 953 1702 miraculo:
975 1663 1044 1718 pars
1121 1671 1122 1686 ³

138 1722 262 1790 clamore
277 1721 442 1797 etgladiis,3
455 1739 519 1796 pars
533 1721 656 1790 silentio,
666 1723 771 1778 animos
780 1741 818 1780 ex
828 1729 933 1780 eventu
946 1741 1043 1798 sump-

103 1806 107 1818 ¹
136 1797 202 1855 turi.
769 1802 771 1808 '

38 1917 43 1924 .
74 1945 82 1952 ,
177 1875 312 1934 XXVIII.
336 1878 488 1935 Stationem
510 1879 652 1943 incastris
670 1879 873 1952 agebatJulius
894 1878 1044 1960 Martialis,
1121 1919 1122 1926 κ

136 1954 274 2011 tribunus.
317 1956 354 2024 ls,
378 1957 565 2028 magnitudine
588 1957 672 2014 subiti
696 1958 826 2024 sceleris,
850 1975 884 2014 an
908 1968 1044 2034 corrupta

136 2031 216 2088 latius
243 2041 343 2101 castra,
371 2047 404 2089 ac
429 2033 452 2089 si
479 2035 578 2090 contra
603 2035 745 2103 tenderet,
761 2035 878 2093 exitium
900 2043 1042 2106 metuens,

136 2110 258 2193 praebant
284 2110 431 2186 plerisque
457 2111 647 2184 suspicionem
672 2112 865 2169 conscientia.
915 2114 1042 2190 Antepo·
1121 2147 1122 2154 ι

136 2189 331 2250 suere'ceteri
353 2206 468 2262 quoque
487 2189 604 2266 tribuni,
616 2189 874 2262 *centurionesque
888 2193 1044 2262 presentia
1121 2201 1122 2204 ’

135 2269 226 2326 dubiis
240 2273 270 2324 et
282 2265 419 2334 honestis,
461 2265 545 2338 Isque
560 2263 671 2324 habitus
691 2261 848 2320 animorum
857 2262 920 2334 suit,
931 2273 962 2322 ut
974 2286 1043 2341 pes-

135 2345 236 2402 simum
255 2342 364 2400 lacinus
377 2342 514 2398 auderent
527 2341 620 2416 pauci,
634 2343 733 2417 plures
746 2341 865 2411 vellent,
880 2361 976 2400 omues
990 2363 1042 2420 pa-

135 2429 275 2482 terentur·
1029 2477 1031 2482 .

174 2498 283 2575 XXIX.
306 2499 421 2573 Ignarus
441 2498 556 2556 interim
567 2497 672 2568 Gaba,
683 2505 715 2556 et
728 2499 822 2562 ,sacris
842 2499 974 2568 intentus,
999 2499 1041 2558 fa-

135 2571 345 2651 tigabat'alieni
364 2578 425 2652 jam
450 2577 563 2653 imperii
589 2577 764 2636 debetcum
789 2577 917 2636 adfertur
942 2597 1043 2637 rumor

135 2663 143 2700 t
156 2655 218 2729 rapi
228 2655 259 2712 in
271 2663 373 2723 castra,
387 2656 620 2730 incertumquem
632 2663 793 2713 senatorem
802 2658 823 2718 ς’
837 2675 914 2725 mox,
929 2655 1040 2712 ‘Otho-

135 2733 359 2808 ‘nemesse,-qui
368 2734 539 2815 raperetur<
562 2733 650 2790 Simul
659 2751 696 2793 eu
704 2735 762 2790 tota
772 2734 894 2802 urbe,ut
903 2733 1042 2809 quisque4

169 2896 184 2947 1
203 2896 301 2950 Redeat
320 2895 430 2967 tumbas.
443 2895 642 2965 Eosintellige,
650 2897 763 2964 quisuis
773 2898 916 2950 cameratis
928 2913 1040 2966 suoque
1122 2909 1124 2918 ⁴

133 2965 227 3021 labore
240 2966 291 3018 aedi
313 2977 386 3030 cant,
399 2968 550 3019 constituto
559 2968 687 3034 pretio·
785 2971 786 2974 ’
831 2970 832 2973 ’

166 3035 185 3086 2
201 3032 365 3086 militarium
377 3051 497 3087 norsum.
533 3036 580 3088 Sic
589 3036 728 3091 vocabant
741 3037 902 3101 columnam
911 3053 1038 3104 auream,

133 3115 257 3162 erectam
275 3103 311 3155 ab
323 3103 452 3174 Augusto
464 3105 493 3156 iu
506 3107 597 3172 eapite
616 3105 670 3158 t'ori
688 3105 817 3170 Romani,
831 3107 866 3158 ad
881 3123 969 3174 quam
982 3109 1039 3160 isiae

2 3199 3 3208 ¹
74 3187 75 3190 ’
132 3191 230 3228 omnes
250 3190 286 3226 ex
307 3171 389 3224 ltalia
400 3174 575 3239 desinebant,
587 3186 616 3228 et
628 3175 673 3226 cui
685 3176 893 3244 respondebant
905 3176 1039 3232 milliaria

128 3243 249 3314 lapidea,
259 3259 308 3296 ssu
319 3242 457 3296 columnae
469 3243 598 3302 exiliores
606 3244 731 3312 lapideae,
744 3245 780 3297 ad
790 3240 1036 3312 cujusquemillia-

130 3313 169 3366 ris
181 3313 266 3365 finem
275 3323 387 3365 erectae.
411 3312 481 3365 Inde
491 3314 570 3382 origo
580 3314 704 3382 vulgate,
713 3313 862 3367 locutionis
871 3313 1039 3383 adprimitur

2 3377 4 3456 j
49 3441 52 3445 ¹
133 3381 528 3451 adreounduwtcdopidem.
563 3432 566 3436 .

1 3462 7 3525 p
165 3449 548 3522 aParsclamoreetgtaatb.
577 3451 717 3504 Nimirum
729 3452 841 3522 strictis,
853 3467 919 3506 nam
931 3452 1038 3512 milltes
1123 3469 1124 3488 ³

133 3532 232 3576 omues
240 3518 348 3586 gladios
359 3521 509 3574 habebant.

168 3583 563 3663 incaementatum.
583 3558 697 3648 Scilicet
704 3569 811 3648 Othoni
819 3601 846 3648 ct
855 3589 1040 3666 Othonianis,
