2252 3958
87 309 146 362 nc.
163 305 206 362 69.
282 305 438 367 merom
456 310 529 366 Lm.
548 309 757 372 SECUNDUS.

118 449 191 509 ΗΠ.
213 452 350 518 Notabile·
359 459 423 517 inde
432 451 557 534 jurgium
568 458 630 529 fnit,
645 480 701 538 quo
714 463 838 522 Licinius
849 463 966 526 cneius

85 523 245 589 Marcellum
259 536 390 614 Eprium,
401 546 409 570 ‘
419 544 450 592 ut
470 537 596 612 ambigua
617 539 962 610 disserentemsstinvasit.

84 603 140 663 Nec
151 610 242 695 ceteri
260 614 412 672 senttntias
426 615 609 688 aperiebant:
632 617 683 672 sed
696 617 816 675 invisum
829 619 965 678 memoris

83 679 254 770 delationum,
269 691 484 766 expositumque
507 691 540 748 ad
567 691 697 750 invidiam
710 693 840 752 Marcelli
850 711 963 765 nomeu,

81 766 399 834 inritaveratCaecinam,
408 769 647 836 utnovusadhuc,
656 778 685 826 et
695 771 722 826 in
736 780 861 830 senatum
871 789 965 850 nuper

80 836 203 924 adscitus,
225 845 331 918 magnis
358 844 508 904 inimicitiis
535 846 716 904 claresceret.
737 883 739 890 ·
767 846 965 908 Moderatioue

77 915 223 978 meliorum
233 920 376 995 dirempti.
417 919 454 976 Et
466 921 579 978 rediise
590 939 686 980 omnes
695 924 963 994 Bononiam,rursus

77 994 249 1052 consiliaturi
258 997 284 1052 :2
296 998 389 1064 simul,
403 994 495 1053 medio
503 997 651 1072 temporis,
661 1001 756 1072 piures
765 1003 851 1070 nuntii
864 1021 962 1078 spera·

75 1066 188 1125 bantur.
223 1053 372 1159 Bipon'pae,
385 1073 480 1128 divisis
495 1091 548 1146 per
560 1074 670 1141 itinera,
685 1075 732 1148 qui
743 1078 964 1137 recentissimum

75 1161 220 1220 quemque
235 1156 497 1222 percunctarentur,
519 1149 703 1222 interrogatus
717 1149 836 1208 Othonis
846 1155 963 1216 libertus

76 1228 212 1279 ‘causam
236 1225 386 1299 digressis,
409 1227 515 1282 hahere
541 1245 573 1282 se
600 1244 731 1299 suprema
757 1229 961 1302 ejnsmandatu’

75 1301 240 1375 respondit:
258 1311 265 1336 ‘
277 1304 370 1378 ipsum
395 1304 540 1360 viventem
561 1303 675 1378 quidem
691 1304 831 1372 relictum,
844 1305 894 1362 sed
906 1309 966 1363 soli

77 1378 269 1451 ‘posteritatis
283 1383 349 1437 corb
355 1382 377 1448 ,³
390 1388 419 1438 et
427 1381 553 1455 abruptis
567 1381 633 1436 vitre
643 1381 857 1438 blandimentis)
892 1381 966 1439 Hinc

76 1453 230 1533 admiratio,
245 1465 274 1514 et
287 1459 368 1532 plura
389 1459 579 1532 interrogandi
594 1457 695 1532 pudor.
736 1459 966 1533 Atqueomnium

78 1531 155 1588 animi
169 1533 198 1589 in
213 1533 359 1596 Vitellium
367 1536 550 1597 inclinevere.
986 1569 1007 1604 ς

111 1609 199 1666 LlV.'
223 1611 364 1669 Intererat
376 1613 498 1670 consiliis
517 1611 610 1672 frater
623 1613 694 1686 ejus,
715 1614 748 1670 L.
764 1612 904 1683 Vitellius,
918 1633 963 1673 se·

78 1703 128 1760 que
146 1688 207 1762 jam
228 1689 401 1746 adulantibus
425 1689 572 1756 offerebat,
586 1691 649 1746 cim
661 1691 778 1764 repente
792 1690 908 1760 Coenns,
929 1693 963 1748 li·

75 1763 167 1822 bertus
199 1765 336 1835 Neronis,
364 1768 455 1827 atroci
485 1767 630 1824 mendacio
661 1768 809 1824 universos
830 1768 963 1842 perculit,

77 1839 231 1910 adfirmans,
247 1843 447 1918 ‘superventu
472 1843 696 1918 qnanaedecimae
722 1844 839 1916 legionis
857 1843 964 1918 junctis
1018 1875 1024 1880 ·

75 1918 257 1981 taBrixoll'o'
275 1921 396 1987 viribus,
417 1939 505 1976 caesos
538 1920 674 1987 victores,
702 1937 818 1974 nereum
842 1921 964 1992 partium

75 1993 254 2070 ‘fortunamj’
295 1996 389 2052 Causa
414 1997 536 2069 fingendi
561 1994 624 2062 suit,
644 2003 676 2052 ut
688 1994 853 2066 diplomatat
874 1995 965 2050 Otho-

75 2069 123 2139 nis,
150 2093 215 2147 quae
245 2072 467 2146 negligebantur,
488 2071 598 2128 laetiore
619 2071 716 2128 nuntio
743 2070 962 2126 revalescerent.

75 2143 109 2203 Et
120 2146 230 2206 Coenus
251 2149 366 2223 quidem
379 2148 476 2220 rapide
498 2147 527 2203 iu
551 2149 652 2204 urbem
665 2151 774 2210 vectus,
786 2161 890 2218 paucos
901 2150 965 2217 post

75 2220 141 2295 dies,
162 2226 249 2310 jussu
273 2223 381 2290 Vitellii
405 2243 502 2306 poenas
522 2223 584 2281 luit.
626 2223 792 2281 Senatorum
806 2221 963 2296 periculum

107 2432 270 2503 ldmbignc
280 2432 457 2486 disserentem.
494 2431 538 2485 lto
558 2448 588 2486 se
613 2432 702 2484 verbis
717 2429 913 2492 involventem,
932 2437 964 2484 ut

75 2504 239 2555 sententium
258 2505 378 2568 aperiret
399 2501 513 2572 nullam.
549 2501 641 2570 Hujus
664 2499 716 2551 loci
731 2513 829 2550 sensus
841 2507 962 2575 apertus,

74 2584 122 2623 nec
133 2571 291 2624 audiendus
303 2571 437 2636 Ryckius,
446 2569 493 2633 qui
505 2569 623 2634 vulgatae
646 2566 767 2627 lectioni,
779 2563 891 2614 notabile
901 2563 965 2614 inde

68 2637 260 2708 ,iurgiumsnil
269 2655 329 2705 qno,
338 2635 383 2698 dcc.
395 2635 514 2700 prandit
526 2651 542 2684 e
553 2635 648 2685 codice
661 2649 721 2693 suo,
733 2629 846 2680 notabile
858 2629 889 2681 in
902 2630 963 2681 Ver-

71 2702 425 2778 giniumsnit‚qnid,81c.
465 2699 543 2751 Licet
566 2701 671 2778 Regius
691 2699 719 2749 in
748 2698 846 2748 eadem
876 2697 964 2754 ferme

74 2779 176 2832 abent.
202 2775 280 2828 Infit
301 2789 351 2840 pro
371 2768 532 2823 invitaverat
554 2765 870 2830 Cunnom‚‘mollemus
899 2779 963 2820 cum

74 2847 205 2901 Acidalio
213 2843 375 2898 inritauerat.

107 2915 247 2970 2Rursns
268 2907 443 2970 consiliaturi.
481 2909 525 2962 Ita
546 2906 620 2960 Flor.
633 2903 748 2972 Regius
763 2913 791 2956 et
803 2901 883 2956 editi:
902 2917 962 2956 vcr-

75 2985 140 3040 bum
154 2980 415 3045 autemconsiliorc,
436 2980 509 3032 unde
530 2973 710 3038 consdiorins,
728 2984 892 3041 usurpatum
904 2971 963 3028 llo·

76 3058 154 3122 ratio,
171 3055 282 3108 &ntum
294 3054 398 3106 mento·
407 3045 610 3104 consiliantibus
619 3043 724 3098 anonc
735 3041 814 3098 diois.
838 3041 963 3111 Rynkius

77 3140 151 3182 esuo
164 3127 259 3182 codiee
270 3123 346 3179 dedit
358 3115 513 3174 consulturi.
858 3181 864 3192 Ι
888 3179 894 3190 ·
954 3177 960 3190 ¹

109 3195 127 3248 3
139 3195 191 3248 Scd
198 3194 255 3247 sold
263 3187 428 3259 posteritatis
436 3204 509 3239 curn.
536 3185 593 3238 Sed
602 3185 637 3236 dc
646 3182 962 3240 memorienomtmssut
979 3208 981 3211 -

79 3278 142 3318 cum
154 3265 232 3316 omui·
239 3258 399 3327 posteritate
413 3256 585 3324 coequanda
597 3251 677 3308 unico
691 3251 870 3318 cogitantem.
949 3313 957 3323 ι

109 3332 126 3384 l
137 3331 302 3402 Diplonsola.
321 3327 421 3380 Edicta
430 3326 598 3380 struendam
608 3316 740 3392 principis
747 3319 781 3370 de
790 3335 819 3370 re
830 3321 961 3385 quacum·

79 3418 138 3470 qun,
150 3401 189 3454 sic
199 3401 281 3462 diets,
291 3399 363 3465 quod
373 3398 401 3448 iu
412 3397 509 3448 charte
521 3395 664 3463 duplicate
675 3389 870 3443 scriberentur.
906 3385 971 3442 llio

77 3471 219 3538 speciatim
242 3466 436 3534 significentur·
456 3465 541 3518 litera
563 3465 599 3518 nb
621 3458 962 3528 impermutabilibus

78 3540 175 3608 quibus
186 3539 240 3593 hoo
257 3537 352 3590 detu'm
376 3535 412 3586 ab
424 3535 599 3602 imperatore,
608 3543 760 3592 eoncossae,
773 3543 842 3594 qnae
852 3528 897 3594 qui
910 3527 962 3578 ime

78 3616 240 3676 penevesel,
253 3605 388 3667 utebatur,
397 3605 477 3670 equis
484 3614 512 3656 et
523 3602 666 3665 vehiculis,
677 3615 737 3667 qne
750 3613 800 3664 per
816 3591 963 3648 intervella

76 3677 201 3736 locorum
213 3673 345 3743 disposita
357 3671 467 3742 publice
479 3673 674 3742 Ptoebcbuttlut
686 3669 724 3726 ud
734 3678 857 3724 numum.
