<?xml version="1.0" encoding="UTF-8"?>
<!DOCTYPE html PUBLIC "-//W3C//DTD XHTML 1.0 Transitional//EN"
    "http://www.w3.org/TR/xhtml1/DTD/xhtml1-transitional.dtd">
<html xmlns="http://www.w3.org/1999/xhtml" xml:lang="en" lang="en">
 <head>
  <title>
</title>
<meta http-equiv="Content-Type" content="text/html;charset=utf-8" />
  <meta name='ocr-system' content='tesseract 3.04.00' />
  <meta name='ocr-capabilities' content='ocr_page ocr_carea ocr_par ocr_line ocrx_word'/>
</head>
<body>
  <div class='ocr_page' id='page_1' title='image "./ccorneliitaciti25tacigoog_0178.png"; bbox 0 0 2214 3986; ppageno 0'>
   <div class='ocr_carea' id='block_1_1' title="bbox 57 288 942 398">
    <p class='ocr_par' dir='ltr' id='par_1_1' title="bbox 57 288 942 398">
     <span class='ocr_line' id='line_1_1' title="bbox 57 288 942 398; baseline 0.009 -10"><span class='ocrx_word' id='word_1_1' title='bbox 57 339 81 388; x_wconf 71' lang='lat' dir='ltr'>s.</span> <span class='ocrx_word' id='word_1_2' title='bbox 96 343 122 389; x_wconf 68' lang='lat' dir='ltr'>s.</span> <span class='ocrx_word' id='word_1_3' title='bbox 140 333 184 390; x_wconf 80' lang='lat' dir='ltr'>es.</span> <span class='ocrx_word' id='word_1_4' title='bbox 228 349 248 378; x_wconf 66' lang='grc' dir='ltr'><strong><em>ι</em></strong></span> <span class='ocrx_word' id='word_1_5' title='bbox 290 331 446 392; x_wconf 80' lang='lat' dir='ltr'>menon.</span> <span class='ocrx_word' id='word_1_6' title='bbox 464 288 536 394; x_wconf 82' lang='lat' dir='ltr'>nm</span> <span class='ocrx_word' id='word_1_7' title='bbox 555 331 735 396; x_wconf 76' lang='lat' dir='ltr'>umerus.</span> <span class='ocrx_word' id='word_1_8' title='bbox 892 336 942 398; x_wconf 71' lang='grc' dir='ltr'>ιη</span> 
     </span>
    </p>
   </div>
   <div class='ocr_carea' id='block_1_2' title="bbox 52 479 945 564">
    <p class='ocr_par' dir='ltr' id='par_1_2' title="bbox 52 479 945 564">
     <span class='ocr_line' id='line_1_2' title="bbox 52 479 945 564; baseline 0.01 -27"><span class='ocrx_word' id='word_1_9' title='bbox 52 479 152 554; x_wconf 73' lang='lat' dir='ltr'>iupus,</span> <span class='ocrx_word' id='word_1_10' title='bbox 165 480 241 558; x_wconf 81' lang='lat' dir='ltr'>quod</span> <span class='ocrx_word' id='word_1_11' title='bbox 266 483 370 560; x_wconf 82' lang='lat' dir='ltr'>cuique</span> <span class='ocrx_word' id='word_1_12' title='bbox 392 485 516 555; x_wconf 82' lang='lat' dir='ltr'>obvium,</span> <span class='ocrx_word' id='word_1_13' title='bbox 530 487 606 555; x_wconf 79' lang='lat' dir='ltr'>telis,</span> <span class='ocrx_word' id='word_1_14' title='bbox 620 494 628 523; x_wconf 78' lang='lat'>⁶</span> <span class='ocrx_word' id='word_1_15' title='bbox 643 486 873 564; x_wconf 74' lang='lat' dir='ltr'>signnmpugnu‘</span> <span class='ocrx_word' id='word_1_16' title='bbox 892 505 945 548; x_wconf 76' lang='lat' dir='ltr'>ex·</span> 
     </span>
    </p>
   </div>
   <div class='ocr_carea' id='block_1_3' title="bbox 52 559 950 2103">
    <p class='ocr_par' dir='ltr' id='par_1_3' title="bbox 55 559 947 794">
     <span class='ocr_line' id='line_1_3' title="bbox 56 559 947 646; baseline 0.011 -33"><span class='ocrx_word' id='word_1_17' title='bbox 56 566 182 631; x_wconf 78' lang='lat' dir='ltr'>porcum.</span> <span class='ocrx_word' id='word_1_18' title='bbox 224 559 288 634; x_wconf 80' lang='lat' dir='ltr'>Agit</span> <span class='ocrx_word' id='word_1_19' title='bbox 308 568 400 635; x_wconf 79' lang='lat' dir='ltr'>grates</span> <span class='ocrx_word' id='word_1_20' title='bbox 418 559 560 634; x_wconf 78' lang='lat' dir='ltr'>Vitellius,</span> <span class='ocrx_word' id='word_1_21' title='bbox 580 571 610 622; x_wconf 90' lang='lat' dir='ltr'>et</span> <span class='ocrx_word' id='word_1_22' title='bbox 630 563 833 646; x_wconf 67' lang='lat' dir='ltr'>‘adtuendam</span> <span class='ocrx_word' id='word_1_23' title='bbox 843 566 947 623; x_wconf 88' lang='lat' dir='ltr'>urbem</span> 
     </span>
     <span class='ocr_line' id='line_1_4' title="bbox 57 637 945 718; baseline 0.012 -27"><span class='ocrx_word' id='word_1_24' title='bbox 57 637 276 712; x_wconf 87' lang='lat' dir='ltr'>‘prorumpere&#39;</span> <span class='ocrx_word' id='word_1_25' title='bbox 293 639 385 712; x_wconf 87' lang='lat' dir='ltr'>jubet.</span> <span class='ocrx_word' id='word_1_26' title='bbox 428 637 497 706; x_wconf 83' lang='lat' dir='ltr'>Mox</span> <span class='ocrx_word' id='word_1_27' title='bbox 519 650 620 700; x_wconf 88' lang='lat' dir='ltr'>vocato</span> <span class='ocrx_word' id='word_1_28' title='bbox 641 649 752 711; x_wconf 86' lang='lat' dir='ltr'>senatu,</span> <span class='ocrx_word' id='word_1_29' title='bbox 785 642 945 718; x_wconf 82' lang='lat' dir='ltr'>deliguntur</span> 
     </span>
     <span class='ocr_line' id='line_1_5' title="bbox 55 709 945 794; baseline 0.015 -28"><span class='ocrx_word' id='word_1_30' title='bbox 55 709 137 784; x_wconf 81' lang='lat' dir='ltr'>legati</span> <span class='ocrx_word' id='word_1_31' title='bbox 151 715 185 770; x_wconf 86' lang='lat' dir='ltr'>sd</span> <span class='ocrx_word' id='word_1_32' title='bbox 196 715 349 783; x_wconf 86' lang='lat' dir='ltr'>exercitus,</span> <span class='ocrx_word' id='word_1_33' title='bbox 369 723 401 772; x_wconf 86' lang='lat' dir='ltr'>ut</span> <span class='ocrx_word' id='word_1_34' title='bbox 420 725 560 791; x_wconf 70' lang='lat' dir='ltr'>pretextu</span> <span class='ocrx_word' id='word_1_35' title='bbox 580 713 745 794; x_wconf 77' lang='lat' dir='ltr'>reipublicae</span> <span class='ocrx_word' id='word_1_36' title='bbox 766 719 945 780; x_wconf 84' lang='lat' dir='ltr'>concordiam</span> 
     </span>
    </p>

    <p class='ocr_par' dir='ltr' id='par_1_4' title="bbox 89 792 945 869">
     <span class='ocr_line' id='line_1_6' title="bbox 89 792 945 869; baseline 0.011 -22"><span class='ocrx_word' id='word_1_37' title='bbox 89 807 210 866; x_wconf 83' lang='lat' dir='ltr'>comque</span> <span class='ocrx_word' id='word_1_38' title='bbox 222 792 385 850; x_wconf 81' lang='lat' dir='ltr'>suaderent.</span> <span class='ocrx_word' id='word_1_39' title='bbox 426 793 680 869; x_wconf 80' lang='lat' dir='ltr'>Varialegutorum</span> <span class='ocrx_word' id='word_1_40' title='bbox 700 815 764 854; x_wconf 82' lang='lat' dir='ltr'>sors</span> <span class='ocrx_word' id='word_1_41' title='bbox 782 794 844 859; x_wconf 84' lang='lat' dir='ltr'>suit.</span> <span class='ocrx_word' id='word_1_42' title='bbox 886 798 945 868; x_wconf 77' lang='lat' dir='ltr'>Qui</span> 
     </span>
    </p>

    <p class='ocr_par' dir='ltr' id='par_1_5' title="bbox 52 865 950 1698">
     <span class='ocr_line' id='line_1_7' title="bbox 78 865 943 946; baseline 0.013 -25"><span class='ocrx_word' id='word_1_43' title='bbox 78 865 155 924; x_wconf 82' lang='lat' dir='ltr'>stilio</span> <span class='ocrx_word' id='word_1_44' title='bbox 169 865 275 925; x_wconf 82' lang='lat' dir='ltr'>Ceriali</span> <span class='ocrx_word' id='word_1_45' title='bbox 289 879 486 938; x_wconf 84' lang='lat' dir='ltr'>occurrerant,</span> <span class='ocrx_word' id='word_1_46' title='bbox 500 878 657 930; x_wconf 84' lang='lat' dir='ltr'>extremum</span> <span class='ocrx_word' id='word_1_47' title='bbox 670 873 821 931; x_wconf 83' lang='lat' dir='ltr'>discrimen</span> <span class='ocrx_word' id='word_1_48' title='bbox 837 874 943 946; x_wconf 67' lang='lat' dir='ltr'>adiere,</span> 
     </span>
     <span class='ocr_line' id='line_1_8' title="bbox 54 944 950 1026; baseline 0.016 -28"><span class='ocrx_word' id='word_1_49' title='bbox 54 952 221 1016; x_wconf 67' lang='lat' dir='ltr'><strong>aspernante</strong></span> <span class='ocrx_word' id='word_1_50' title='bbox 241 946 330 1002; x_wconf 84' lang='lat' dir='ltr'>milite</span> <span class='ocrx_word' id='word_1_51' title='bbox 345 944 521 1004; x_wconf 83' lang='lat' dir='ltr'>conditiones</span> <span class='ocrx_word' id='word_1_52' title='bbox 539 950 635 1022; x_wconf 88' lang='lat' dir='ltr'>pacis:</span> <span class='ocrx_word' id='word_1_53' title='bbox 658 952 824 1010; x_wconf 81' lang='lat' dir='ltr'>vulneratur</span> <span class='ocrx_word' id='word_1_54' title='bbox 835 961 950 1026; x_wconf 72' lang='lat' dir='ltr'>pretor</span> 
     </span>
     <span class='ocr_line' id='line_1_9' title="bbox 55 1018 944 1100; baseline 0.015 -26"><span class='ocrx_word' id='word_1_55' title='bbox 55 1018 195 1079; x_wconf 77' lang='lat' dir='ltr'>Arulenus</span> <span class='ocrx_word' id='word_1_56' title='bbox 232 1021 396 1079; x_wconf 79' lang='lat' dir='ltr'>Rusticusz¹</span> <span class='ocrx_word' id='word_1_57' title='bbox 422 1023 499 1080; x_wconf 82' lang='lat' dir='ltr'>auxit</span> <span class='ocrx_word' id='word_1_58' title='bbox 525 1024 667 1091; x_wconf 86' lang='lat' dir='ltr'>invidiam,</span> <span class='ocrx_word' id='word_1_59' title='bbox 700 1045 788 1100; x_wconf 88' lang='lat' dir='ltr'>super</span> <span class='ocrx_word' id='word_1_60' title='bbox 809 1029 944 1087; x_wconf 87' lang='lat' dir='ltr'>violatum</span> 
     </span>
     <span class='ocr_line' id='line_1_10' title="bbox 53 1095 942 1180; baseline 0.012 -28"><span class='ocrx_word' id='word_1_61' title='bbox 53 1095 135 1170; x_wconf 68' lang='lat' dir='ltr'>legati</span> <span class='ocrx_word' id='word_1_62' title='bbox 150 1099 341 1174; x_wconf 76' lang='lat' dir='ltr'>praetorisque</span> <span class='ocrx_word' id='word_1_63' title='bbox 367 1117 481 1168; x_wconf 84' lang='lat' dir='ltr'>nomen,</span> <span class='ocrx_word' id='word_1_64' title='bbox 495 1101 611 1174; x_wconf 89' lang='lat' dir='ltr'>propria</span> <span class='ocrx_word' id='word_1_65' title='bbox 620 1101 740 1174; x_wconf 80' lang='lat' dir='ltr'>dignatio</span> <span class='ocrx_word' id='word_1_66' title='bbox 753 1105 826 1160; x_wconf 89' lang='lat' dir='ltr'>viri:</span> <span class='ocrx_word' id='word_1_67' title='bbox 848 1107 942 1180; x_wconf 87' lang='lat' dir='ltr'>palan·</span> 
     </span>
     <span class='ocr_line' id='line_1_11' title="bbox 53 1175 942 1252; baseline 0.012 -22"><span class='ocrx_word' id='word_1_68' title='bbox 53 1180 96 1230; x_wconf 90' lang='lat' dir='ltr'>tur</span> <span class='ocrx_word' id='word_1_69' title='bbox 108 1177 250 1232; x_wconf 86' lang='lat' dir='ltr'>comites:</span> <span class='ocrx_word' id='word_1_70' title='bbox 273 1175 411 1234; x_wconf 89' lang='lat' dir='ltr'>occiditur</span> <span class='ocrx_word' id='word_1_71' title='bbox 433 1177 579 1252; x_wconf 85' lang='lat' dir='ltr'>proximus</span> <span class='ocrx_word' id='word_1_72' title='bbox 599 1177 708 1243; x_wconf 72' lang='lat' dir='ltr'>lictor,2</span> <span class='ocrx_word' id='word_1_73' title='bbox 726 1178 871 1238; x_wconf 86' lang='lat' dir='ltr'>dimovere</span> <span class='ocrx_word' id='word_1_74' title='bbox 884 1190 942 1241; x_wconf 81' lang='lat' dir='ltr'>tur-</span> 
     </span>
     <span class='ocr_line' id='line_1_12' title="bbox 55 1251 945 1330; baseline 0.012 -24"><span class='ocrx_word' id='word_1_75' title='bbox 55 1251 115 1309; x_wconf 86' lang='lat' dir='ltr'>bam</span> <span class='ocrx_word' id='word_1_76' title='bbox 130 1269 234 1323; x_wconf 83' lang='lat' dir='ltr'>ausus3</span> <span class='ocrx_word' id='word_1_77' title='bbox 256 1261 296 1322; x_wconf 89' lang='lat' dir='ltr'>et,</span> <span class='ocrx_word' id='word_1_78' title='bbox 310 1253 338 1310; x_wconf 88' lang='lat' dir='ltr'>ui</span> <span class='ocrx_word' id='word_1_79' title='bbox 359 1255 425 1312; x_wconf 87' lang='lat' dir='ltr'>dato</span> <span class='ocrx_word' id='word_1_80' title='bbox 451 1254 553 1311; x_wconf 89' lang='lat' dir='ltr'>aduce</span> <span class='ocrx_word' id='word_1_81' title='bbox 576 1253 709 1330; x_wconf 83' lang='lat' dir='ltr'>praesidio</span> <span class='ocrx_word' id='word_1_82' title='bbox 722 1254 831 1311; x_wconf 78' lang='lat' dir='ltr'>defensi</span> <span class='ocrx_word' id='word_1_83' title='bbox 841 1255 945 1330; x_wconf 85' lang='lat' dir='ltr'>iurent,</span> 
     </span>
     <span class='ocr_line' id='line_1_13' title="bbox 53 1330 946 1407; baseline 0.009 -22"><span class='ocrx_word' id='word_1_84' title='bbox 53 1346 165 1392; x_wconf 80' lang='lat' dir='ltr'>sacrum</span> <span class='ocrx_word' id='word_1_85' title='bbox 179 1330 263 1387; x_wconf 80' lang='lat' dir='ltr'>etiaui</span> <span class='ocrx_word' id='word_1_86' title='bbox 276 1331 350 1388; x_wconf 90' lang='lat' dir='ltr'>inter</span> <span class='ocrx_word' id='word_1_87' title='bbox 365 1339 479 1390; x_wconf 84' lang='lat' dir='ltr'>exteras</span> <span class='ocrx_word' id='word_1_88' title='bbox 501 1338 600 1405; x_wconf 82' lang='lat' dir='ltr'>gentes</span> <span class='ocrx_word' id='word_1_89' title='bbox 626 1333 781 1405; x_wconf 87' lang='lat' dir='ltr'>legatorum</span> <span class='ocrx_word' id='word_1_90' title='bbox 788 1331 863 1407; x_wconf 57' lang='lat' dir='ltr'>juss‘·</span> <span class='ocrx_word' id='word_1_91' title='bbox 881 1341 946 1394; x_wconf 84' lang='lat' dir='ltr'>ante</span> 
     </span>
     <span class='ocr_line' id='line_1_14' title="bbox 52 1405 945 1484; baseline 0.01 -23"><span class='ocrx_word' id='word_1_92' title='bbox 52 1405 112 1480; x_wconf 86' lang='lat' dir='ltr'>ipsa</span> <span class='ocrx_word' id='word_1_93' title='bbox 125 1407 226 1483; x_wconf 71' lang='lat' dir='ltr'>patrie</span> <span class='ocrx_word' id='word_1_94' title='bbox 240 1408 352 1480; x_wconf 87' lang='lat' dir='ltr'>moenia,</span> <span class='ocrx_word' id='word_1_95' title='bbox 373 1410 464 1468; x_wconf 88' lang='lat' dir='ltr'>civilis</span> <span class='ocrx_word' id='word_1_96' title='bbox 478 1410 570 1466; x_wconf 79' lang='lat' dir='ltr'>rabies</span> <span class='ocrx_word' id='word_1_97' title='bbox 584 1409 713 1484; x_wconf 88' lang='lat' dir='ltr'>usquein</span> <span class='ocrx_word' id='word_1_98' title='bbox 727 1409 844 1467; x_wconf 81' lang='lat' dir='ltr'>exitium</span> <span class='ocrx_word' id='word_1_99' title='bbox 858 1417 945 1470; x_wconf 88' lang='lat' dir='ltr'>teme·</span> 
     </span>
     <span class='ocr_line' id='line_1_15' title="bbox 56 1475 946 1564; baseline 0.006 -23"><span class='ocrx_word' id='word_1_100' title='bbox 56 1492 169 1543; x_wconf 70' lang='lat' dir='ltr'>nasset*</span> <span class='ocrx_word' id='word_1_101' title='bbox 195 1483 381 1560; x_wconf 82' lang='lat' dir='ltr'>AEquioribus</span> <span class='ocrx_word' id='word_1_102' title='bbox 404 1487 501 1544; x_wconf 85' lang='lat' dir='ltr'>animis</span> <span class='ocrx_word' id='word_1_103' title='bbox 524 1487 633 1562; x_wconf 88' lang='lat' dir='ltr'>accepti</span> <span class='ocrx_word' id='word_1_104' title='bbox 648 1489 791 1564; x_wconf 77' lang='lat' dir='ltr'>sunt,&#39;qui</span> <span class='ocrx_word' id='word_1_105' title='bbox 805 1475 838 1544; x_wconf 85' lang='lat' dir='ltr'>ad</span> <span class='ocrx_word' id='word_1_106' title='bbox 860 1490 946 1546; x_wconf 57' lang='lat' dir='ltr'>Anto*</span> 
     </span>
     <span class='ocr_line' id='line_1_16' title="bbox 56 1562 946 1642; baseline 0.011 -24"><span class='ocrx_word' id='word_1_107' title='bbox 56 1562 131 1620; x_wconf 85' lang='lat' dir='ltr'>nium</span> <span class='ocrx_word' id='word_1_108' title='bbox 136 1570 290 1636; x_wconf 75' lang='lat' dir='ltr'>venerant,</span> <span class='ocrx_word' id='word_1_109' title='bbox 303 1583 360 1622; x_wconf 91' lang='lat' dir='ltr'>non</span> <span class='ocrx_word' id='word_1_110' title='bbox 373 1564 438 1641; x_wconf 87' lang='lat' dir='ltr'>quia</span> <span class='ocrx_word' id='word_1_111' title='bbox 460 1564 615 1624; x_wconf 85' lang='lat' dir='ltr'>modestior</span> <span class='ocrx_word' id='word_1_112' title='bbox 626 1565 721 1633; x_wconf 90' lang='lat' dir='ltr'>miles,</span> <span class='ocrx_word' id='word_1_113' title='bbox 740 1566 791 1624; x_wconf 87' lang='lat' dir='ltr'>sed</span> <span class='ocrx_word' id='word_1_114' title='bbox 804 1565 869 1625; x_wconf 89' lang='lat' dir='ltr'>duci</span> <span class='ocrx_word' id='word_1_115' title='bbox 882 1567 946 1642; x_wconf 84' lang='lat' dir='ltr'>plus</span> 
     </span>
     <span class='ocr_line' id='line_1_17' title="bbox 57 1641 235 1698; baseline -0.011 0"><span class='ocrx_word' id='word_1_116' title='bbox 57 1641 235 1698; x_wconf 77' lang='lat' dir='ltr'>auctoritatis.</span> 
     </span>
    </p>

    <p class='ocr_par' dir='ltr' id='par_1_6' title="bbox 56 1715 948 2103">
     <span class='ocr_line' id='line_1_18' title="bbox 93 1715 947 1797; baseline 0.008 -23"><span class='ocrx_word' id='word_1_117' title='bbox 93 1717 227 1774; x_wconf 78' lang='lat' dir='ltr'>Lxxxl.</span> <span class='ocrx_word' id='word_1_118' title='bbox 249 1718 404 1778; x_wconf 83' lang='lat' dir='ltr'>Miscuerat</span> <span class='ocrx_word' id='word_1_119' title='bbox 411 1738 443 1777; x_wconf 89' lang='lat' dir='ltr'>se</span> <span class='ocrx_word' id='word_1_120' title='bbox 453 1720 550 1794; x_wconf 84' lang='lat' dir='ltr'>legatis</span> <span class='ocrx_word' id='word_1_121' title='bbox 561 1719 708 1779; x_wconf 87' lang='lat' dir='ltr'>Musonius</span> <span class='ocrx_word' id='word_1_122' title='bbox 718 1715 835 1787; x_wconf 76' lang='lat' dir='ltr'>linfns,⁴</span> <span class='ocrx_word' id='word_1_123' title='bbox 845 1719 947 1797; x_wconf 84' lang='lat' dir='ltr'>eques·</span> 
     </span>
     <span class='ocr_line' id='line_1_19' title="bbox 56 1795 947 1873; baseline 0.009 -21"><span class='ocrx_word' id='word_1_124' title='bbox 56 1795 104 1854; x_wconf 87' lang='lat' dir='ltr'>tris</span> <span class='ocrx_word' id='word_1_125' title='bbox 117 1795 235 1865; x_wconf 66' lang='lat' dir='ltr'>ordinis,</span> <span class='ocrx_word' id='word_1_126' title='bbox 255 1797 376 1854; x_wconf 89' lang='lat' dir='ltr'>studium</span> <span class='ocrx_word' id='word_1_127' title='bbox 401 1798 601 1873; x_wconf 74' lang='lat' dir='ltr'>philosophiae,</span> <span class='ocrx_word' id='word_1_128' title='bbox 625 1807 654 1855; x_wconf 87' lang='lat' dir='ltr'>et</span> <span class='ocrx_word' id='word_1_129' title='bbox 667 1799 770 1872; x_wconf 87' lang='lat' dir='ltr'>placita</span> <span class='ocrx_word' id='word_1_130' title='bbox 787 1799 947 1860; x_wconf 84' lang='lat' dir='ltr'>Stoicorum</span> 
     </span>
     <span class='ocr_line' id='line_1_20' title="bbox 58 1875 946 1952; baseline 0.006 -21"><span class='ocrx_word' id='word_1_131' title='bbox 58 1875 211 1942; x_wconf 74' lang='lat' dir='ltr'>emulatus,</span> <span class='ocrx_word' id='word_1_132' title='bbox 222 1878 420 1950; x_wconf 79' lang='lat' dir='ltr'>coeptabatque</span> <span class='ocrx_word' id='word_1_133' title='bbox 430 1875 586 1950; x_wconf 81' lang='lat' dir='ltr'>permixtus</span> <span class='ocrx_word' id='word_1_134' title='bbox 599 1875 757 1949; x_wconf 85' lang='lat' dir='ltr'>manipulis,</span> <span class='ocrx_word' id='word_1_135' title='bbox 772 1877 862 1933; x_wconf 85' lang='lat' dir='ltr'>‘bona</span> <span class='ocrx_word' id='word_1_136' title='bbox 870 1878 946 1952; x_wconf 83' lang='lat' dir='ltr'>pacis</span> 
     </span>
     <span class='ocr_line' id='line_1_21' title="bbox 58 1950 948 2018; baseline 0.003 -12"><span class='ocrx_word' id='word_1_137' title='bbox 58 1954 112 2006; x_wconf 89' lang='lat' dir='ltr'>‘ac</span> <span class='ocrx_word' id='word_1_138' title='bbox 134 1950 204 2007; x_wconf 91' lang='lat' dir='ltr'>belli</span> <span class='ocrx_word' id='word_1_139' title='bbox 226 1951 397 2008; x_wconf 87' lang='lat' dir='ltr'>discrimiua&#39;</span> <span class='ocrx_word' id='word_1_140' title='bbox 424 1951 577 2018; x_wconf 84' lang='lat' dir='ltr'>disserens,</span> <span class='ocrx_word' id='word_1_141' title='bbox 604 1959 724 2008; x_wconf 87' lang='lat' dir='ltr'>armatos</span> <span class='ocrx_word' id='word_1_142' title='bbox 745 1969 872 2009; x_wconf 88' lang='lat' dir='ltr'>mouere.</span> <span class='ocrx_word' id='word_1_143' title='bbox 915 1955 948 2010; x_wconf 88' lang='lat' dir='ltr'>ld</span> 
     </span>
     <span class='ocr_line' id='line_1_22' title="bbox 57 2011 948 2103; baseline 0.004 -23"><span class='ocrx_word' id='word_1_144' title='bbox 57 2025 201 2102; x_wconf 90' lang='lat' dir='ltr'>plerisque</span> <span class='ocrx_word' id='word_1_145' title='bbox 228 2027 360 2097; x_wconf 89' lang='lat' dir='ltr'>ludibrio,</span> <span class='ocrx_word' id='word_1_146' title='bbox 387 2029 517 2102; x_wconf 88' lang='lat' dir='ltr'>pluribus</span> <span class='ocrx_word' id='word_1_147' title='bbox 543 2028 647 2084; x_wconf 80' lang='lat' dir='ltr'>taedio:</span> <span class='ocrx_word' id='word_1_148' title='bbox 670 2045 727 2082; x_wconf 89' lang='lat' dir='ltr'>nec</span> <span class='ocrx_word' id='word_1_149' title='bbox 749 2011 881 2095; x_wconf 63' lang='lat' dir='ltr'>deerant,</span> <span class='ocrx_word' id='word_1_150' title='bbox 899 2031 948 2103; x_wconf 85' lang='lat' dir='ltr'>qni</span> 
     </span>
    </p>
   </div>
   <div class='ocr_carea' id='block_1_4' title="bbox 59 2103 1091 2180">
    <p class='ocr_par' dir='ltr' id='par_1_7' title="bbox 59 2103 1091 2180">
     <span class='ocr_line' id='line_1_23' title="bbox 59 2103 1091 2180; baseline -0.022 -4"><span class='ocrx_word' id='word_1_151' title='bbox 59 2104 254 2178; x_wconf 69' lang='lat' dir='ltr'>Pfflpellerent</span> <span class='ocrx_word' id='word_1_152' title='bbox 266 2107 536 2180; x_wconf 82' lang='lat' dir='ltr'>proculcarentque,</span> <span class='ocrx_word' id='word_1_153' title='bbox 550 2103 739 2171; x_wconf 81' lang='lat' dir='ltr'>ni‚udmonitu</span> <span class='ocrx_word' id='word_1_154' title='bbox 752 2103 948 2164; x_wconf 86' lang='lat' dir='ltr'>modestissimi</span> <span class='ocrx_word' id='word_1_155' title='bbox 1026 2105 1031 2109; x_wconf 84' lang='lat'>&#39;</span> <span class='ocrx_word' id='word_1_156' title='bbox 1090 2123 1091 2140; x_wconf 72' lang='lat'>.</span> 
     </span>
    </p>
   </div>
   <div class='ocr_carea' id='block_1_5' title="bbox 58 2178 949 2722">
    <p class='ocr_par' dir='ltr' id='par_1_8' title="bbox 58 2178 949 2722">
     <span class='ocr_line' id='line_1_24' title="bbox 58 2178 949 2254; baseline 0.004 -20"><span class='ocrx_word' id='word_1_157' title='bbox 58 2180 205 2254; x_wconf 85' lang='lat' dir='ltr'>cujusque,</span> <span class='ocrx_word' id='word_1_158' title='bbox 216 2187 248 2237; x_wconf 90' lang='lat' dir='ltr'>et</span> <span class='ocrx_word' id='word_1_159' title='bbox 257 2182 330 2238; x_wconf 67' lang='lat' dir='ltr'>zuliis</span> <span class='ocrx_word' id='word_1_160' title='bbox 356 2180 557 2249; x_wconf 84' lang='lat' dir='ltr'>minitantibus,</span> <span class='ocrx_word' id='word_1_161' title='bbox 571 2178 710 2235; x_wconf 86' lang='lat' dir='ltr'>omisisset</span> <span class='ocrx_word' id='word_1_162' title='bbox 724 2178 949 2253; x_wconf 84' lang='lat' dir='ltr'>intempestivam</span> 
     </span>
     <span class='ocr_line' id='line_1_25' title="bbox 59 2253 949 2330; baseline 0.006 -19"><span class='ocrx_word' id='word_1_163' title='bbox 59 2257 230 2330; x_wconf 83' lang='lat' dir='ltr'>sapientiam.</span> <span class='ocrx_word' id='word_1_164' title='bbox 272 2257 375 2314; x_wconf 77' lang='lat' dir='ltr'>obvie</span> <span class='ocrx_word' id='word_1_165' title='bbox 401 2255 484 2313; x_wconf 88' lang='lat' dir='ltr'>fuere</span> <span class='ocrx_word' id='word_1_166' title='bbox 510 2265 540 2314; x_wconf 90' lang='lat' dir='ltr'>et</span> <span class='ocrx_word' id='word_1_167' title='bbox 565 2256 690 2329; x_wconf 83' lang='lat' dir='ltr'>virgines</span> <span class='ocrx_word' id='word_1_168' title='bbox 719 2253 860 2325; x_wconf 87' lang='lat' dir='ltr'>Vestales,</span> <span class='ocrx_word' id='word_1_169' title='bbox 883 2275 949 2316; x_wconf 87' lang='lat' dir='ltr'>cum</span> 
     </span>
     <span class='ocr_line' id='line_1_26' title="bbox 60 2331 948 2410; baseline 0.008 -23"><span class='ocrx_word' id='word_1_170' title='bbox 60 2334 183 2406; x_wconf 88' lang='lat' dir='ltr'>epistolis</span> <span class='ocrx_word' id='word_1_171' title='bbox 197 2331 316 2402; x_wconf 89' lang='lat' dir='ltr'>Vitellii,</span> <span class='ocrx_word' id='word_1_172' title='bbox 331 2335 365 2390; x_wconf 83' lang='lat' dir='ltr'>ad</span> <span class='ocrx_word' id='word_1_173' title='bbox 376 2333 528 2392; x_wconf 76' lang='lat' dir='ltr'>Antonium</span> <span class='ocrx_word' id='word_1_174' title='bbox 541 2333 672 2408; x_wconf 89' lang='lat' dir='ltr'>scriptis:</span> <span class='ocrx_word' id='word_1_175' title='bbox 696 2342 704 2368; x_wconf 86' lang='lat'>‘</span> <span class='ocrx_word' id='word_1_176' title='bbox 717 2334 802 2390; x_wconf 81' lang='lat' dir='ltr'>eximi</span> <span class='ocrx_word' id='word_1_177' title='bbox 812 2353 948 2410; x_wconf 89' lang='lat' dir='ltr'>supremo</span> 
     </span>
     <span class='ocr_line' id='line_1_27' title="bbox 60 2411 947 2486; baseline 0.008 -20"><span class='ocrx_word' id='word_1_178' title='bbox 60 2411 226 2468; x_wconf 83' lang='lat' dir='ltr'>‘certamini</span> <span class='ocrx_word' id='word_1_179' title='bbox 248 2430 337 2468; x_wconf 85' lang='lat' dir='ltr'>nuum</span> <span class='ocrx_word' id='word_1_180' title='bbox 355 2412 440 2469; x_wconf 89' lang='lat' dir='ltr'>diem&#39;</span> <span class='ocrx_word' id='word_1_181' title='bbox 461 2412 639 2486; x_wconf 83' lang='lat' dir='ltr'>postulabat:</span> <span class='ocrx_word' id='word_1_182' title='bbox 661 2411 705 2469; x_wconf 91' lang='lat' dir='ltr'>‘si</span> <span class='ocrx_word' id='word_1_183' title='bbox 731 2429 838 2470; x_wconf 79' lang='lat' dir='ltr'>morani</span> <span class='ocrx_word' id='word_1_184' title='bbox 860 2413 947 2474; x_wconf 85' lang='lat' dir='ltr'>inter·</span> 
     </span>
     <span class='ocr_line' id='line_1_28' title="bbox 60 2487 948 2566; baseline 0.007 -22"><span class='ocrx_word' id='word_1_185' title='bbox 60 2492 67 2522; x_wconf 90' lang='lat'>‘</span> <span class='ocrx_word' id='word_1_186' title='bbox 77 2487 222 2560; x_wconf 87' lang='lat' dir='ltr'>jecissent,</span> <span class='ocrx_word' id='word_1_187' title='bbox 249 2487 356 2546; x_wconf 81' lang='lat' dir='ltr'>saciliirs</span> <span class='ocrx_word' id='word_1_188' title='bbox 377 2489 471 2546; x_wconf 89' lang='lat' dir='ltr'>omnia</span> <span class='ocrx_word' id='word_1_189' title='bbox 493 2490 694 2552; x_wconf 62' lang='lat' dir='ltr'>conventura)¹</span> <span class='ocrx_word' id='word_1_190' title='bbox 732 2487 864 2566; x_wconf 76' lang='lat' dir='ltr'>Virgines</span> <span class='ocrx_word' id='word_1_191' title='bbox 884 2509 948 2550; x_wconf 89' lang='lat' dir='ltr'>cum</span> 
     </span>
     <span class='ocr_line' id='line_1_29' title="bbox 60 2562 949 2641; baseline 0.004 -20"><span class='ocrx_word' id='word_1_192' title='bbox 60 2562 167 2622; x_wconf 89' lang='lat' dir='ltr'>honore</span> <span class='ocrx_word' id='word_1_193' title='bbox 179 2563 301 2623; x_wconf 79' lang='lat' dir='ltr'>dimissae</span> <span class='ocrx_word' id='word_1_194' title='bbox 316 2588 322 2622; x_wconf 91' lang='lat'>:</span> <span class='ocrx_word' id='word_1_195' title='bbox 346 2566 463 2631; x_wconf 87' lang='lat' dir='ltr'>Vitellio</span> <span class='ocrx_word' id='word_1_196' title='bbox 472 2568 662 2641; x_wconf 86' lang='lat' dir='ltr'>rescriptum:</span> <span class='ocrx_word' id='word_1_197' title='bbox 685 2575 692 2601; x_wconf 86' lang='lat'>‘</span> <span class='ocrx_word' id='word_1_198' title='bbox 706 2567 802 2623; x_wconf 86' lang='lat' dir='ltr'>Sabini</span> <span class='ocrx_word' id='word_1_199' title='bbox 814 2567 905 2636; x_wconf 70' lang='lat' dir='ltr'>cede,</span> <span class='ocrx_word' id='word_1_200' title='bbox 919 2575 949 2625; x_wconf 84' lang='lat' dir='ltr'>et</span> 
     </span>
     <span class='ocr_line' id='line_1_30' title="bbox 60 2641 819 2722; baseline 0.001 -25"><span class='ocrx_word' id='word_1_201' title='bbox 60 2641 209 2700; x_wconf 88' lang='lat' dir='ltr'>‘incendio</span> <span class='ocrx_word' id='word_1_202' title='bbox 223 2642 367 2720; x_wconf 83' lang='lat' dir='ltr'>Capitolii,</span> <span class='ocrx_word' id='word_1_203' title='bbox 380 2646 519 2718; x_wconf 85' lang='lat' dir='ltr'>dirempta</span> <span class='ocrx_word' id='word_1_204' title='bbox 526 2644 595 2700; x_wconf 89' lang='lat' dir='ltr'>belli</span> <span class='ocrx_word' id='word_1_205' title='bbox 609 2643 819 2722; x_wconf 76' lang='lat' dir='ltr'>commercia’5</span> 
     </span>
    </p>
   </div>
   <div class='ocr_carea' id='block_1_6' title="bbox 41 2761 885 2856">
    <p class='ocr_par' dir='ltr' id='par_1_9' title="bbox 41 2761 885 2856">
     <span class='ocr_line' id='line_1_31' title="bbox 41 2761 885 2856; baseline -0.002 -14"><span class='ocrx_word' id='word_1_206' title='bbox 41 2816 44 2820; x_wconf 94' lang='lat'><em>·</em></span> <span class='ocrx_word' id='word_1_207' title='bbox 92 2761 255 2845; x_wconf 51' lang='lat' dir='ltr'>lidrolcnus</span> <span class='ocrx_word' id='word_1_208' title='bbox 267 2789 405 2845; x_wconf 78' lang='lat' dir='ltr'>Rusticus.</span> <span class='ocrx_word' id='word_1_209' title='bbox 443 2787 486 2842; x_wconf 85' lang='lat' dir='ltr'>De</span> <span class='ocrx_word' id='word_1_210' title='bbox 496 2803 551 2856; x_wconf 87' lang='lat' dir='ltr'>quo</span> <span class='ocrx_word' id='word_1_211' title='bbox 563 2787 627 2839; x_wconf 87' lang='lat' dir='ltr'>vide</span> <span class='ocrx_word' id='word_1_212' title='bbox 636 2785 707 2838; x_wconf 90' lang='lat' dir='ltr'>Plin.</span> <span class='ocrx_word' id='word_1_213' title='bbox 719 2785 810 2854; x_wconf 81' lang='lat' dir='ltr'>Epist.</span> <span class='ocrx_word' id='word_1_214' title='bbox 823 2787 885 2852; x_wconf 86' lang='lat'>1,5.</span> 
     </span>
    </p>
   </div>
   <div class='ocr_carea' id='block_1_7' title="bbox 90 2843 1091 2927">
    <p class='ocr_par' dir='ltr' id='par_1_10' title="bbox 90 2843 1091 2927">
     <span class='ocr_line' id='line_1_32' title="bbox 90 2843 1091 2927; baseline -0.008 -15"><span class='ocrx_word' id='word_1_215' title='bbox 90 2859 264 2920; x_wconf 74' lang='lat' dir='ltr'>2.Prosa‘mos</span> <span class='ocrx_word' id='word_1_216' title='bbox 275 2860 358 2914; x_wconf 83' lang='lat' dir='ltr'>lictor.</span> <span class='ocrx_word' id='word_1_217' title='bbox 395 2853 453 2917; x_wconf 75' lang='lat' dir='ltr'>Qui</span> <span class='ocrx_word' id='word_1_218' title='bbox 471 2859 543 2912; x_wconf 87' lang='lat' dir='ltr'>inter</span> <span class='ocrx_word' id='word_1_219' title='bbox 555 2857 667 2909; x_wconf 84' lang='lat' dir='ltr'>lictores</span> <span class='ocrx_word' id='word_1_220' title='bbox 678 2855 797 2924; x_wconf 81' lang='lat' dir='ltr'>dignior,</span> <span class='ocrx_word' id='word_1_221' title='bbox 809 2857 856 2924; x_wconf 85' lang='lat' dir='ltr'>qui</span> <span class='ocrx_word' id='word_1_222' title='bbox 865 2872 948 2927; x_wconf 65' lang='lat' dir='ltr'>prox.</span> <span class='ocrx_word' id='word_1_223' title='bbox 1028 2843 1034 2852; x_wconf 75' lang='grc'><strong>’</strong></span> <span class='ocrx_word' id='word_1_224' title='bbox 1090 2847 1091 2874; x_wconf 63' lang='lat'>¹</span> 
     </span>
    </p>
   </div>
   <div class='ocr_carea' id='block_1_8' title="bbox 15 2925 951 3554">
    <p class='ocr_par' dir='ltr' id='par_1_11' title="bbox 59 2925 687 3001">
     <span class='ocr_line' id='line_1_33' title="bbox 59 2925 687 3001; baseline -0.003 -21"><span class='ocrx_word' id='word_1_225' title='bbox 59 2925 111 2980; x_wconf 71' lang='lat' dir='ltr'>ime</span> <span class='ocrx_word' id='word_1_226' title='bbox 130 2934 283 3000; x_wconf 86' lang='lat' dir='ltr'>appnrebet</span> <span class='ocrx_word' id='word_1_227' title='bbox 296 2929 480 3000; x_wconf 79' lang='lat' dir='ltr'>magistratui.</span> <span class='ocrx_word' id='word_1_228' title='bbox 684 2995 687 3001; x_wconf 22' lang='grc' dir='ltr'>ἱ</span> 
     </span>
    </p>

    <p class='ocr_par' dir='ltr' id='par_1_12' title="bbox 15 2993 951 3338">
     <span class='ocr_line' id='line_1_34' title="bbox 91 2993 949 3068; baseline -0.005 -16"><span class='ocrx_word' id='word_1_229' title='bbox 91 2999 232 3054; x_wconf 74' lang='lat' dir='ltr'>3Socvum</span> <span class='ocrx_word' id='word_1_230' title='bbox 245 3001 324 3058; x_wconf 78' lang='lat' dir='ltr'>etiam</span> <span class='ocrx_word' id='word_1_231' title='bbox 336 3000 407 3054; x_wconf 81' lang='lat' dir='ltr'>iuter</span> <span class='ocrx_word' id='word_1_232' title='bbox 415 3003 515 3051; x_wconf 67' lang='lat' dir='ltr'>meros</span> <span class='ocrx_word' id='word_1_233' title='bbox 524 3000 617 3067; x_wconf 75' lang='lat' dir='ltr'>gentes</span> <span class='ocrx_word' id='word_1_234' title='bbox 628 2997 776 3066; x_wconf 71' lang='lat' dir='ltr'>legatorum</span> <span class='ocrx_word' id='word_1_235' title='bbox 779 2994 839 3068; x_wconf 75' lang='lat' dir='ltr'>jus.</span> <span class='ocrx_word' id='word_1_236' title='bbox 874 2993 949 3051; x_wconf 76' lang='lat' dir='ltr'>Flor.</span> 
     </span>
     <span class='ocr_line' id='line_1_35' title="bbox 15 3065 951 3141; baseline -0.003 -20"><span class='ocrx_word' id='word_1_237' title='bbox 15 3131 16 3136; x_wconf 7' lang='grc' dir='ltr'>ἵ</span> <span class='ocrx_word' id='word_1_238' title='bbox 60 3078 86 3120; x_wconf 85' lang='lat' dir='ltr'>st</span> <span class='ocrx_word' id='word_1_239' title='bbox 107 3069 214 3141; x_wconf 77' lang='lat' dir='ltr'>Regius</span> <span class='ocrx_word' id='word_1_240' title='bbox 243 3073 368 3127; x_wconf 81' lang='lat' dir='ltr'>scribunt</span> <span class='ocrx_word' id='word_1_241' title='bbox 388 3068 420 3122; x_wconf 84' lang='lat' dir='ltr'>iu</span> <span class='ocrx_word' id='word_1_242' title='bbox 448 3073 547 3121; x_wconf 75' lang='lat' dir='ltr'>eeteros</span> <span class='ocrx_word' id='word_1_243' title='bbox 568 3071 669 3136; x_wconf 82' lang='lat' dir='ltr'>gentes,</span> <span class='ocrx_word' id='word_1_244' title='bbox 693 3076 721 3118; x_wconf 86' lang='lat' dir='ltr'>et</span> <span class='ocrx_word' id='word_1_245' title='bbox 743 3067 783 3118; x_wconf 85' lang='lat' dir='ltr'>sio</span> <span class='ocrx_word' id='word_1_246' title='bbox 804 3065 951 3120; x_wconf 85' lang='lat' dir='ltr'>ediderunt</span> 
     </span>
     <span class='ocr_line' id='line_1_36' title="bbox 60 3135 949 3206; baseline -0.002 -16"><span class='ocrx_word' id='word_1_247' title='bbox 60 3135 181 3206; x_wconf 86' lang='lat' dir='ltr'>Ryckius</span> <span class='ocrx_word' id='word_1_248' title='bbox 192 3153 221 3195; x_wconf 80' lang='lat' dir='ltr'>et</span> <span class='ocrx_word' id='word_1_249' title='bbox 229 3141 255 3196; x_wconf 86' lang='lat' dir='ltr'>J.</span> <span class='ocrx_word' id='word_1_250' title='bbox 265 3141 434 3204; x_wconf 86' lang='lat' dir='ltr'>Gronovius,</span> <span class='ocrx_word' id='word_1_251' title='bbox 453 3139 506 3192; x_wconf 88' lang='lat' dir='ltr'>hoc</span> <span class='ocrx_word' id='word_1_252' title='bbox 527 3153 621 3202; x_wconf 84' lang='lat' dir='ltr'>sensu,</span> <span class='ocrx_word' id='word_1_253' title='bbox 633 3135 706 3205; x_wconf 80' lang='lat' dir='ltr'>quod</span> <span class='ocrx_word' id='word_1_254' title='bbox 717 3135 880 3190; x_wconf 83' lang='lat' dir='ltr'>inviolatum</span> <span class='ocrx_word' id='word_1_255' title='bbox 893 3151 949 3188; x_wconf 85' lang='lat' dir='ltr'>ser·</span> 
     </span>
     <span class='ocr_line' id='line_1_37' title="bbox 61 3203 951 3280; baseline -0.002 -21"><span class='ocrx_word' id='word_1_256' title='bbox 61 3222 155 3264; x_wconf 80' lang='lat' dir='ltr'>ramus</span> <span class='ocrx_word' id='word_1_257' title='bbox 167 3213 252 3264; x_wconf 85' lang='lat' dir='ltr'>etium</span> <span class='ocrx_word' id='word_1_258' title='bbox 262 3211 447 3280; x_wconf 81' lang='lat' dir='ltr'>ergelegotos¹</span> <span class='ocrx_word' id='word_1_259' title='bbox 467 3219 627 3261; x_wconf 80' lang='lat' dir='ltr'>exterarum</span> <span class='ocrx_word' id='word_1_260' title='bbox 642 3207 776 3276; x_wconf 79' lang='lat' dir='ltr'>gentium.</span> <span class='ocrx_word' id='word_1_261' title='bbox 814 3203 951 3275; x_wconf 68' lang='lat' dir='ltr'>Idputom</span> 
     </span>
     <span class='ocr_line' id='line_1_38' title="bbox 62 3277 498 3338; baseline 0.002 -9"><span class='ocrx_word' id='word_1_262' title='bbox 62 3277 166 3334; x_wconf 85' lang='lat' dir='ltr'>videtur</span> <span class='ocrx_word' id='word_1_263' title='bbox 178 3282 216 3338; x_wconf 80' lang='lat' dir='ltr'>oh</span> <span class='ocrx_word' id='word_1_264' title='bbox 227 3283 281 3334; x_wconf 89' lang='lat' dir='ltr'>hoc</span> <span class='ocrx_word' id='word_1_265' title='bbox 292 3283 355 3334; x_wconf 86' lang='lat' dir='ltr'>loco</span> <span class='ocrx_word' id='word_1_266' title='bbox 367 3281 498 3333; x_wconf 79' lang='lat' dir='ltr'>alienum.</span> 
     </span>
    </p>

    <p class='ocr_par' dir='ltr' id='par_1_13' title="bbox 63 3342 949 3496">
     <span class='ocr_line' id='line_1_39' title="bbox 92 3342 949 3420; baseline -0.006 -20"><span class='ocrx_word' id='word_1_267' title='bbox 92 3348 267 3406; x_wconf 73' lang='lat' dir='ltr'>lMosons&#39;os</span> <span class='ocrx_word' id='word_1_268' title='bbox 280 3351 381 3420; x_wconf 76' lang='lat' dir='ltr'>Rufus.</span> <span class='ocrx_word' id='word_1_269' title='bbox 419 3348 462 3402; x_wconf 84' lang='lat' dir='ltr'>ne</span> <span class='ocrx_word' id='word_1_270' title='bbox 486 3363 540 3415; x_wconf 79' lang='lat' dir='ltr'>quo</span> <span class='ocrx_word' id='word_1_271' title='bbox 561 3345 635 3398; x_wconf 86' lang='lat' dir='ltr'>Ann.</span> <span class='ocrx_word' id='word_1_272' title='bbox 662 3342 704 3407; x_wconf 75' lang='lat'>14,</span> <span class='ocrx_word' id='word_1_273' title='bbox 727 3343 770 3396; x_wconf 84' lang='lat'>59.</span> <span class='ocrx_word' id='word_1_274' title='bbox 791 3353 820 3402; x_wconf 82' lang='lat' dir='ltr'>et</span> <span class='ocrx_word' id='word_1_275' title='bbox 845 3343 888 3409; x_wconf 82' lang='lat'>15,</span> <span class='ocrx_word' id='word_1_276' title='bbox 907 3343 949 3406; x_wconf 73' lang='lat'>71.</span> 
     </span>
     <span class='ocr_line' id='line_1_40' title="bbox 63 3411 801 3496; baseline -0.007 -28"><span class='ocrx_word' id='word_1_277' title='bbox 63 3411 128 3472; x_wconf 82' lang='lat' dir='ltr'>Vide</span> <span class='ocrx_word' id='word_1_278' title='bbox 141 3431 170 3472; x_wconf 85' lang='lat' dir='ltr'>et</span> <span class='ocrx_word' id='word_1_279' title='bbox 182 3420 255 3474; x_wconf 72' lang='lat' dir='ltr'>nist.</span> <span class='ocrx_word' id='word_1_280' title='bbox 266 3420 293 3484; x_wconf 80' lang='lat'>4,</span> <span class='ocrx_word' id='word_1_281' title='bbox 306 3420 347 3485; x_wconf 88' lang='lat'>10,</span> <span class='ocrx_word' id='word_1_282' title='bbox 359 3419 402 3472; x_wconf 77' lang='lat'>40.</span> <span class='ocrx_word' id='word_1_283' title='bbox 415 3429 443 3470; x_wconf 87' lang='lat' dir='ltr'>et</span> <span class='ocrx_word' id='word_1_284' title='bbox 451 3416 522 3471; x_wconf 86' lang='lat' dir='ltr'>Plin.</span> <span class='ocrx_word' id='word_1_285' title='bbox 532 3415 621 3484; x_wconf 85' lang='lat' dir='ltr'>Epist.</span> <span class='ocrx_word' id='word_1_286' title='bbox 633 3413 658 3496; x_wconf 58' lang='grc' dir='ltr'>ἓξ,</span> <span class='ocrx_word' id='word_1_287' title='bbox 672 3413 713 3466; x_wconf 93' lang='lat' dir='ltr'>ll.</span> <span class='ocrx_word' id='word_1_288' title='bbox 787 3481 801 3496; x_wconf 28' lang='grc' dir='ltr'><strong><em>ἡ</em></strong></span> 
     </span>
    </p>

    <p class='ocr_par' dir='ltr' id='par_1_14' title="bbox 93 3481 950 3554">
     <span class='ocr_line' id='line_1_41' title="bbox 93 3481 950 3554; baseline 0 -14"><span class='ocrx_word' id='word_1_289' title='bbox 93 3487 193 3542; x_wconf 71' lang='lat' dir='ltr'>susus·</span> <span class='ocrx_word' id='word_1_290' title='bbox 215 3489 375 3544; x_wconf 78' lang='lat' dir='ltr'>commercio.</span> <span class='ocrx_word' id='word_1_291' title='bbox 412 3488 460 3543; x_wconf 79' lang='lat' dir='ltr'>Sic</span> <span class='ocrx_word' id='word_1_292' title='bbox 480 3485 567 3554; x_wconf 81' lang='lat' dir='ltr'>Virgi.</span> <span class='ocrx_word' id='word_1_293' title='bbox 591 3483 651 3538; x_wconf 78' lang='lat' dir='ltr'>belle</span> <span class='ocrx_word' id='word_1_294' title='bbox 667 3499 819 3540; x_wconf 75' lang='lat' dir='ltr'>commercia</span> <span class='ocrx_word' id='word_1_295' title='bbox 836 3481 950 3544; x_wconf 59' lang='lat' dir='ltr'>21me</span> 
     </span>
    </p>
   </div>
   <div class='ocr_carea' id='block_1_9' title="bbox 50 3541 743 3646">
    <p class='ocr_par' dir='ltr' id='par_1_15' title="bbox 50 3541 743 3646">
     <span class='ocr_line' id='line_1_42' title="bbox 50 3541 743 3646; baseline -0.007 -28"><span class='ocrx_word' id='word_1_296' title='bbox 50 3552 175 3620; x_wconf 61' lang='lat' dir='ltr'>{matun</span> <span class='ocrx_word' id='word_1_297' title='bbox 184 3541 591 3646; x_wconf 63' lang='lat' dir='ltr'>istaprtior,jomlutha1iaute</span> <span class='ocrx_word' id='word_1_298' title='bbox 598 3554 743 3632; x_wconf 66' lang='lat' dir='ltr'>perempto.</span> 
     </span>
    </p>
   </div>
   <div class='ocr_carea' id='block_1_10' title="bbox 0 0 1121 3986">
    <p class='ocr_par' dir='ltr' id='par_1_16' title="bbox 0 0 1121 3986">
     <span class='ocr_line' id='line_1_43' title="bbox 0 0 1121 3986; baseline 0 0"><span class='ocrx_word' id='word_1_299' title='bbox 0 0 1121 3986; x_wconf 95' lang='lat' dir='ltr'> </span> 
     </span>
    </p>
   </div>
  </div>
 </body>
</html>
