2214 3986
150 403 207 463 158
274 435 277 449 =
376 403 441 497 ι(7.
459 401 573 461 CORN.
591 351 728 458 ractul
846 418 871 455 a.
891 417 920 461 u.
940 415 966 456 c.
985 398 1053 457 82⁴2.

191 550 268 609 alx.
308 549 347 609 Ut
366 558 507 610 terrorem
527 549 614 608 ltaliae
634 563 764 624 possessa
776 545 936 617 Mevania,¹
950 567 983 606 ac
996 567 1053 606 re·

152 631 196 690 lut
212 635 343 687 renatum
360 645 395 685 er
415 628 525 700 integro
537 629 654 694 bellum,
668 625 801 682 intulerat
817 645 823 680 ε
845 624 885 680 ita
904 626 983 682 haud
996 626 1054 682 du-

152 707 229 764 bium
248 725 315 780 erga
336 704 484 761 Flavianas
505 703 600 778 partes
620 701 752 770 sardium,
774 709 831 759 tam
851 701 972 776 pavidus
997 701 1052 759 Vi-

153 777 222 840 tellii
243 783 381 839 discessus
403 779 528 837 addidit:
558 786 672 836 erectus
692 779 808 847 Samnis,
832 777 1050 854 Pelignusque3

152 866 182 916 et
204 858 302 925 Marsi,
323 858 511 924 emulatione,
525 857 601 932 quod
622 856 777 930 Campania
797 856 999 931 praevenisset,
1015 864 1053 914 ut

151 933 181 994 in
194 955 267 992 novo
281 934 417 1012 obsequio
431 935 464 990 ad
477 941 577 992 cuncta
589 935 658 990 belli
672 934 765 990 munia
778 951 858 990 acres
872 940 963 990 erant.
989 933 1050 990 Sed

150 1009 225 1074 foeda
239 1011 333 1069 bieme
347 1030 401 1086 per
419 1011 564 1068 transitum
582 1009 742 1087 Appennini
763 1009 940 1067 conflictatus
958 1028 1052 1074 exer·

151 1088 243 1147 citus:
266 1096 295 1147 et
314 1089 364 1148 vix
387 1089 482 1164 quieto
508 1088 616 1162 agmine
639 1089 718 1146 niues
739 1087 935 1154 eluctantibus,
957 1089 1054 1162 pacarit

152 1176 290 1239 quantum*
306 1166 473 1223 discriminis
493 1165 650 1222 adeundum
671 1162 756 1232 foret,
779 1165 808 1220 ni
829 1162 979 1220 Vitellium
1001 1183 1051 1222 re·

151 1248 198 1300 tro
208 1243 330 1312 fortuna,
340 1243 472 1301 vertisset
487 1264 495 1311 ;
516 1261 580 1318 quae
590 1241 730 1299 Flavianis
741 1241 868 1308 ducibus,
883 1241 1050 1306 nonminbs

152 1339 241 1397 saepe,
255 1323 338 1396 quam
356 1322 426 1380 ratio
447 1318 543 1378 adfuit.
584 1319 708 1379 Obviam
725 1319 782 1376 illic
797 1317 931 1374 Petilium
945 1316 1051 1378 Ceria-

151 1398 209 1456 lem
223 1399 359 1466 habuere,
374 1396 476 1471 agresti
489 1397 579 1464 cultu,
593 1403 623 1454 et
642 1395 737 1452 notitia
755 1396 882 1455 locorum
902 1395 1051 1454 custodias

152 1474 260 1533 Vitellii
274 1478 408 1549 elapsum.
426 1511 430 1518 -
450 1473 612 1549 Propinqua
632 1473 757 1530 adfinitas
771 1473 878 1530 Ceriali
891 1490 957 1530 cum
971 1471 1051 1532 Ves-

151 1553 274 1627 pasiano,
289 1569 342 1608 nec
362 1551 425 1624 ipse
444 1549 578 1622 inglorius
599 1551 725 1607 militiae:
749 1553 842 1626 eoque
860 1550 937 1607 inter
955 1547 1052 1610 duces

152 1628 311 1701 adsumptus
333 1633 385 1682 est.
427 1625 551 1684 ‘Flavio
572 1645 684 1703 quoque
706 1627 818 1695 Sabino,
833 1645 864 1696 ac
880 1626 1052 1688 Domitiano

151 1704 297 1779 ‘patuisse
317 1701 470 1776 effugium,’
485 1704 564 1779 multi
584 1704 737 1760 tradidere.
748 1739 750 1743 -
763 1733 765 1743 ·
778 1703 815 1760 Et
832 1703 908 1760 missi
928 1704 965 1760 ab
988 1708 1052 1762 An-

149 1781 227 1838 tonio
241 1780 340 1846 nuntii,
354 1797 408 1852 per
427 1777 518 1838 varias
538 1777 653 1836 fallendi
671 1787 746 1836 artes
765 1781 960 1854 penetrabant,
975 1790 988 1815 ‘
1004 1784 1049 1840 lo·

150 1865 159 1894 ⁴
174 1875 282 1915 cumae
300 1854 471 1930 praeaidium'
494 1862 690 1914 monstrantes.
732 1857 873 1924 Sabinus}
886 1857 1050 1918 inhabilem

151 1942 159 1968 ‘
175 1933 263 1990 labori
277 1939 306 1989 et
320 1931 442 1990 audacia
456 1932 656 1990 valetudinem’
671 1934 836 1990 causabatur
852 1955 858 1991 ε
882 1934 1051 1996 Domitiano

150 2011 245 2069 aderat
258 2010 364 2067 animus
379 2030 385 2065 :
409 2009 458 2066 sed
470 2009 599 2067 custodes
611 2029 627 2066 a
637 2009 753 2067 Vitellio
764 2009 860 2080 additi,
873 2029 1050 2088 quamquam

151 2099 205 2147 ‘se
224 2087 316 2146 socios
338 2085 421 2162 fuga’
442 2087 649 2164 promitterent,
667 2095 806 2163 tamquam
826 2087 992 2148 insidiantes
1013 2093 1050 2148 n'.

149 2169 305 2224 mebantur.
346 2165 438 2240 Atque
461 2164 523 2239 ipse
545 2164 686 2234 Vitellius,
701 2173 835 2242 respectu
853 2184 968 2222 suarum
993 2188 1044 2226 ne·

150 2243 358 2310 cessitudiuum,
372 2242 442 2298 nihil
461 2241 489 2298 iu
511 2241 700 2300 Domitianum
719 2244 937 2318 atroxparabat.

189 2319 249 2374 LX.
292 2319 386 2374 Duces
410 2318 532 2391 partium
550 2327 580 2376 ut
601 2319 733 2376 Carsulas
754 2322 871 2388 venere,
886 2339 996 2395 paucos
1012 2326 1050 2382 ad

150 2394 280 2470 requiem
304 2393 365 2451 dies
387 2401 509 2464 sumunt,
535 2395 626 2456 donec
652 2398 764 2473 aquilas,
794 2399 928 2473 signaque
951 2399 1048 2474 legio-

84 2485 88 2493 '
150 2491 216 2529 uum
230 2471 451 2547 adsequerentur
467 2492 474 2527 ι
496 2478 525 2529 et
537 2474 617 2531 locus
639 2475 702 2550 ipse
725 2482 881 2533 castrorum
898 2476 1048 2550 placebat,

149 2550 205 2617 late
228 2547 421 2626 prospectans,
444 2554 503 2606 tuto
523 2551 668 2629 copiarum
688 2561 810 2627 aggestu,
834 2552 1048 2614 florentissimis

83 2691 85 2694 ,
124 2646 224 2703 „poue
244 2636 354 2702 tergum
373 2626 551 2702 municipiis:
574 2629 656 2687 simul
678 2632 821 2706 colloquia
838 2649 901 2688 cum
925 2629 1046 2690 Vitelli-

150 2705 218 2776 anis,
233 2705 335 2773 ducem
354 2704 471 2762 millium
490 2706 580 2782 spatio
600 2707 776 2777 distantibus,
786 2715 819 2766 et
831 2707 954 2783 proditio
974 2727 1046 2784 spe-

149 2784 271 2846 rabatur,
311 2781 399 2855 AEgre
413 2781 442 2838 id
455 2783 511 2858 pati
524 2785 615 2854 miles,
627 2791 656 2844 et
675 2786 824 2844 victoriam
842 2785 939 2852 malle,
954 2789 1046 2860 quam

149 2875 272 2934 pacemr
306 2877 343 2916 ue
369 2875 431 2917 suas
458 2860 570 2934 quidem
595 2863 721 2936 legiones
747 2862 981 2938 opperiebantur,
1010 2871 1046 2921 ut

121 2932 126 2950 ’
148 2938 265 3010 praeda,
279 2937 361 3011 quam
382 2936 587 3010 periculorum2
606 2939 705 2998 socias.
746 2939 867 2995 Vocatos
888 2939 921 2994 ad
942 2941 1044 2998 conci·

114 3045 117 3060 ·
149 3031 232 3069 onem
251 3012 386 3069 Antonius
407 3013 512 3081 docuit,
527 3023 534 3048 ‘
547 3033 609 3072 esse
630 3017 720 3074 adhuc
741 3015 856 3074 Vitellio
877 3015 966 3082 vires,
981 3035 1046 3073 am-

37 3165 39 3169 p
149 3088 293 3168 ‘biquae8
305 3089 330 3157 si
348 3088 548 3160 deliberarent,
562 3111 651 3162 acres,
665 3093 689 3153 si
707 3093 915 3168 desperassent.
957 3091 1048 3151 Initia

183 3193 198 3243 l
217 3191 347 3244 Posaeasu
366 3189 503 3244 Meuania.
539 3192 700 3262 Occupata3
718 3197 783 3247 nam
804 3197 889 3260 supra
909 3193 954 3245 55.
967 3209 1044 3246 eser-

148 3259 216 3313 citus
227 3258 382 3312 Meuaniam
393 3257 534 3327 incederat,
547 3265 644 3318 urbem
656 3264 692 3316 ed
704 3263 893 3316 confluentem
904 3261 998 3316 'rmiae
1013 3276 1047 3317 et

149 3329 282 3380 Clitumni
290 3329 417 3396 positam.
868 3333 870 3338 '

148 3395 200 3508 ΤΒ
210 3397 325 3473 ιΡνιεάω,
337 3398 417 3465 qulam
427 3397 611 3466 periculorum.
648 3401 754 3470 Supple
761 3399 862 3470 polias.
874 3410 903 3453 et
913 3401 954 3454 sic
966 3399 1046 3474 solet

176 3473 272 3514 sertus.

152 3587 157 3598 Ι
184 3525 202 3574 3
218 3527 383 3610 Ambiguae..
410 3533 490 3588 Fidei
502 3536 577 3590 haud
589 3537 674 3590 finnae
683 3540 713 3590 in
725 3538 877 3604 Vitellium,
890 3540 914 3592 si
923 3539 1049 3592 daretur

151 3603 177 3636 rs
192 3599 311 3672 spanum
331 3599 518 3654 delrberandi:
537 3624 610 3660 ocrea
621 3618 649 3659 et
662 3608 851 3672 vehementes,
862 3610 887 3663 si
905 3609 1047 3663 festlnsta

151 3668 355 3738 maurnands
368 3667 403 3716 ed
415 3669 639 3736 desperationem
649 3677 835 3744 adigerentur.
