2252 3958
56 341 73 362 ²
95 347 120 389 o.
133 344 160 388 c.
171 323 215 388 67.
333 321 492 390 metor.
510 325 584 392 m
605 317 760 392 mm.
957 321 1002 398 R

97 489 192 540 castra
204 479 442 558 pretorianorum
454 471 571 551 tribuni,
589 471 705 541 Cetrius
718 483 870 552 Severum
884 478 1003 544 Subrius

101 557 225 628 Dexter,
240 559 392 635 Pompeius
405 560 547 635 Longinus
560 581 568 630 3
589 561 613 620 si
626 559 766 636 incipiens
778 561 880 630 adhuc,
894 568 924 619 et
935 577 1002 620 nec·

11 633 15 638 ’
98 634 168 693 dum
180 637 281 706 adulta,
295 638 397 694 seditio
407 637 571 696 melioribus
582 637 706 694 consiliis
717 635 893 696 flecteretur.
935 636 1004 696 'l'ri-

98 710 241 774 bunoruln
255 715 389 772 Subrium
402 723 431 772 et
444 715 574 772 Cetrium
586 713 689 772 milites
703 714 794 771 adorti
812 715 906 782 mium,
927 714 1003 772 Lon·

100 790 197 863 ginum
209 793 334 848 manibus
348 799 494 860 coercent,
513 786 732 866 eiarmantquer
756 793 890 879 quianon
903 791 1006 850 ordino

101 865 236 933 militie,2
249 870 298 924 sed
307 889 324 925 e
333 871 432 927 Galbae
444 869 550 935 amicis,
564 869 637 926 fidus
647 868 772 944 Principr
783 887 845 938 suo,
859 875 889 926 et
897 867 1004 926 descis-

101 943 232 1000 centibus
246 947 406 1017 suspectior
419 954 490 1002 erat.
531 947 621 1020 Legio
639 946 766 1013 elverico,
780 946 851 1002 nihil
864 951 1002 1015 cunctata,

100 1019 284 1096 praetorianis
299 1019 466 1092 adjungitur.
506 1021 765 1098 lllyriciexercittls
776 1023 872 1090 electi,
885 1022 1004 1080 Celsum
1022 1047 1029 1054 ·

99 1095 215 1153 infestis
229 1095 294 1168 pilis
307 1095 483 1168 proturbant.
525 1099 695 1155 Germanica
708 1099 813 1156 vexilla
824 1100 873 1156 diu
886 1107 1002 1156 nutave-

102 1189 140 1231 re
153 1193 160 1244 ;
182 1171 312 1228 invalidis
326 1170 417 1226 adhuc
430 1173 609 1244 corporibus,
630 1181 660 1229 et
671 1175 786 1248 placatis
800 1175 909 1242 animis,
924 1175 1005 1250 qubd

103 1267 167 1318 eos,
190 1270 205 1306 a
219 1248 337 1305 Nerone
351 1248 551 1304 Alexandriam
573 1250 745 1323 premissos,
766 1257 848 1324 atque
863 1251 928 1306 inde
942 1271 1005 1308 rur·

102 1328 250 1402 susdongi
270 1325 448 1398 naviga-'sne
470 1339 560 1396 aegros
584 1326 758 1401 impensiore
771 1329 841 1384 curi
853 1327 945 1384 Galba
958 1345 1004 1386 re-

106 1405 233 1462 screbat.
739 1429 742 1434 Δ

146 1481 270 1538 XXXll.
312 1479 455 1556 Universa
463 1479 526 1556 jann
536 1479 619 1556 plebs
631 1483 763 1556 palatium
773 1479 918 1560 implebat,
932 1481 1003 1542 mix·

103 1555 141 1616 tie
155 1559 289 1627 servitiis,
305 1565 335 1615 et
347 1559 459 1614 dissono
467 1560 602 1628 clamore,
617 1561 744 1618 ‘cedern
753 1561 884 1631 Othonis,
898 1570 1002 1620 etcon·

105 1644 113 1672 ‘
125 1637 287 1712 juratorum
295 1635 413 1692 exitium
424 1637 621 1710 poscentium‚'
631 1639 693 1694 utei
704 1638 732 1696 in
740 1639 828 1706 circo,
840 1659 871 1696 ac
880 1641 1004 1709 theatro,

104 1714 249 1772 ludicrum
263 1713 376 1795 aliquod
388 1715 572 1786 postularent.
613 1714 717 1790 Neque
727 1715 783 1772 illis
792 1717 941 1791 judicium,
956 1725 1004 1774 aut

91 1793 211 1848 'veritas
224 1812 231 1848 ε
255 1789 361 1866 quippe
375 1790 476 1846 eodem
488 1791 534 1846 die
547 1791 661 1848 diversa
673 1793 734 1866 pari
743 1793 896 1849 certamine
908 1800 1004 1867 postu·

106 1865 206 1924 laturis
220 1890 226 1924 r
249 1868 300 1924 sed
312 1867 414 1923 tradito
427 1882 517 1937 more,
539 1887 746 1942 quemcumque
762 1869 924 1944 Principem
937 1870 1004 1926 edu·

103 1945 192 2013 laudi,
213 1945 327 2002 licentii
347 1945 576 2001 acclamationum
597 1953 626 2001 et
638 1945 735 2002 studiis
748 1945 885 2002 inanibus.
928 1945 1003 2003 lnle-

103 2023 162 2080 rim
184 2023 303 2090 Galbam
323 2021 387 2076 duae
410 2023 558 2078 sententie
578 2021 756 2077 distinebant.
799 2021 883 2076 Titus
903 2019 1004 2079 Vinius

104 2109 111 2134 ‘
129 2100 300 2178 manendum
312 2098 385 2154 intra
398 2097 521 2164 domum,
535 2097 703 2171 opponenda
713 2095 840 2163 servitia,
854 2094 1005 2156 firmandos

103 2185 111 2211 ⁶
129 2176 230 2245 aditus,
244 2195 300 2233 non
311 2173 577 2246 eundumadiratos'
586 2174 735 2229 censebat:
758 2171 1005 2232 ‘daretnalorun

102 2263 111 2288 ⁴
129 2255 313 2328 penitentiae,
327 2253 408 2308 daret
421 2253 559 2308 bonorum
572 2249 721 2320 consensui
734 2249 872 2326 epatium:
894 2250 1005 2308 scelera

103 2341 112 2366 ‘
129 2332 249 2405 impetu,
262 2333 335 2386 bona
349 2328 556 2386 consiliumet&
574 2330 731 2386 valescere.
774 2325 905 2401 Denique
919 2328 1005 2385 eundi

103 2419 111 2442 ⁶
129 2409 217 2476 ultro,
230 2409 254 2465 si
268 2408 338 2464 ratio
358 2406 404 2475 sit,
425 2405 554 2462 eamdem
565 2423 632 2463 mox
644 2404 822 2464 facultatem:
845 2421 1004 2478 regressus,

77 2495 111 2531 κ
129 2485 155 2542 si
170 2487 313 2560 peniteat,
327 2485 355 2541 in
370 2483 461 2540 alieni
474 2483 632 2556 potestate!

146 2561 285 2618 XXXlll.
307 2571 314 2596 ⁶
327 2559 534 2616 l'estinandum’
546 2560 651 2615 ceteris
661 2560 821 2626 videbatur,
835 2568 843 2593 ‘
855 2565 1007 2632 antequam

102 2651 109 2677 ‘
121 2643 274 2698 cresceret
283 2636 404 2690 invalida
415 2634 668 2704 adbucconjurntio
676 2653 842 2707 paucorum.
863 2631 1006 2706 Trepida·

10 2728 19 2732 -
99 2730 108 2756 ⁶
128 2724 227 2772 turum
242 2712 326 2767 ettam
345 2709 500 2772 Othonem,
524 2707 572 2779 qui
591 2705 690 2768 furtim
708 2709 861 2780 digrefflufl,
885 2709 919 2764 δᾶ
931 2709 1007 2781 lgm·

32 2813 38 2826 =
100 2805 110 2832 ‘
130 2810 181 2850 ros
195 2789 309 2854 inlatus,
323 2781 503 2842 cunctatione
513 2800 597 2851 nunc,
611 2789 641 2840 et
651 2783 768 2856 segnitie
777 2783 929 2840 terentium
937 2792 1008 2843 tcm-

102 2884 118 2918 ι.
130 2887 198 2948 pus,
212 2863 315 2924 imitari
329 2860 496 2935 Principem
508 2858 605 2918 discat.
646 2858 713 2918 Non
727 2861 958 2937 expectandum,3
977 2869 1010 2924 nt

145 3026 160 3078 1
183 3021 290 3078 Cetrius
298 3023 419 3076 Seuerum.
439 3013 594 3072 [tancmer
606 3017 735 3072 scribitur
743 3019 772 3072 ira
784 3017 860 3071 Flor.
872 3015 1007 3098 etchio.

108 3094 203 3164 Vulgb
213 3091 319 3150 cortu.
338 3091 415 3144 rofre
422 3087 494 3156 proi
532 3085 1007 3157 estirpt'lt'adedimusirrsertispalrb.

145 3165 163 3218 2
180 3163 248 3217 Noc
260 3161 352 3216 accline
364 3156 475 3212 militie.
539 3173 621 3224 cmpe
632 3159 753 3226 adeptus
763 3159 944 3212 tribunatum.

145 3232 164 3287 3
180 3233 248 3287 Nou
259 3221 473 3300 exspectendum.
509 3225 636 3279 Vividior
648 3229 701 3280 erit
712 3227 810 3290 oratic,
822 3227 846 3277 si
858 3239 925 3276 cum
937 3219 1006 3278 Fre·

109 3301 248 3359 inshemio
261 3301 338 3368 legas
350 3315 401 3367 per
420 3295 676 3362 interrogationem,
696 3312 762 3348 rrum
783 3291 1006 3361 exspectandum?

111 3371 208 3424 Voces
216 3387 282 3422 num
293 3379 322 3421 et
333 3385 387 3421 uun
399 3363 597 3433 compendiose
609 3364 693 3416 scribi
711 3365 805 3416 solent·
820 3361 919 3417 eedem
930 3364 1006 3415 nott.

112 3439 182 3494 lllcx
194 3455 244 3506 pro
257 3434 413 3506 indignatio
431 3433 597 3514 languescat,
615 3431 690 3485 Flor.
702 3432 798 3486 scribit
808 3429 1007 3504 indignatione,

1 3551 2 3564 .
112 3508 188 3566 undo
200 3506 218 3561 J
220 3542 227 3559 .
241 3505 329 3562 Gron.
341 3503 458 3574 corrigit
469 3499 627 3570 tudigoutto
639 3501 817 3572 emugumrct.

542 3612 572 3682 ,0
