2254 3960
111 292 130 352 ,ις
155 291 181 330 e.
199 273 242 330 ss.
274 239 278 244 ’
487 281 701 354 urrunnun
948 293 1000 364 pn

148 419 217 478 ΧΠ·
238 419 404 511 ζιίρθῑιεραᾶ
411 425 560 488 concilium
572 447 838 511 accmareqooque,
858 442 887 496 et
900 436 1001 500 discri-

107 513 176 574 men
196 505 295 574 capitis
318 501 476 562 mteuders.
518 503 666 566 Distinctio
686 513 999 585 poeuarumetdilictoz

106 573 270 650 proditores
280 582 310 634 et
317 577 471 657 transfugas
479 582 626 644 arboribus
639 588 810 662 suspendunt
821 590 961 666 signatos,
969 599 1001 652 et

105 651 249 721 imbelles,
258 657 419 732 etcorpore
429 657 548 718 infames
556 679 637 720 coeno
648 681 680 721 ac
691 665 914 743 palude,injectb
923 669 998 728 insu·

104 743 163 806 per
185 735 275 800 crate,
294 740 435 808 mergunt.
474 733 630 800 ‚Diversitas
646 741 777 816 supplicii
795 743 861 802 illuc
872 745 998 820 respicit,

59 884 61 886 q
103 810 248 881 tamquam
258 809 370 868 scelera
382 811 490 888 ostendi
499 821 636 887 oporteat.
647 816 713 874 dum
724 820 887 893 puniuntur,
897 821 999 896 flagitia

84 871 91 963 f
104 881 252 941 abscondi.
294 885 350 944 Sed
364 894 393 946 et
404 889 559 948 levioribus
569 891 688 980 delictis,
712 913 765 983 pro
778 897 871 965 modo,
895 917 996 974 poenu:

85 974 918 1120 2tttfflffittttttbtsstttttttttlttb
932 994 1000 1138 ξίἔῗ

102 1114 219 1190 pinquis
240 1116 303 1192 ejus
322 1119 488 1178 exsolvitur.
530 1120 678 1196 Eliguutur
688 1123 716 1180 in
725 1123 824 1183 iisdem
832 1127 957 1186 concilius
968 1131 998 1186 et

100 1190 249 1268 principes
263 1193 310 1270 qui
315 1193 382 1269 jura
394 1214 449 1272 per
462 1215 545 1274 pagos
558 1198 693 1274 vicosque
706 1199 835 1258 reddunt.
876 1201 998 1261 Centeni

100 1267 219 1402 ΞίἒςυΙίε
233 1287 270 1328 ex
282 1272 369 1346 plebe
377 1273 505 1344 comites,
519 1275 666 1336 consilium
679 1277 760 1336 simul
783 1284 813 1334 et
835 1280 997 1352 auctoritas,

140 1350 215 1404 suut.
530 1349 535 1359 '

102 1441 106 1448 ·
141 1421 224 1481 Xlll.
245 1424 327 1484 Nihil
339 1435 434 1486 autem
444 1447 537 1506 nsque
550 1430 675 1506 publicas
689 1449 781 1508 oeque
795 1432 915 1508 privata
939 1433 997 1506 rei,

100 1499 155 1557 nisi
170 1503 268 1560 armati
294 1511 385 1580 agunt.
427 1505 482 1562 Sed
504 1527 586 1566 arma·
599 1527 712 1566 sumere
725 1527 781 1566 nou
791 1511 852 1567 ante
865 1511 996 1587 cuiquam

99 1577 200 1646 moris,
213 1583 299 1655 quam
308 1581 407 1640 ciuitas
419 1581 608 1646 suffecturum·
617 1586 790 1660 probaverit.
813 1586 924 1660 Tdmuin
932 1588 995 1664 ipso

22 1677 27 1686 ·
100 1655 294 1726 concilio‚rel
302 1658 463 1735 principum
477 1661 589 1738 aliquis,
604 1665 651 1721 rel
662 1670 753 1738 pater,
762 1665 810 1722 vel
820 1665 996 1741 propinquus

99 1740 182 1792 scuto
190 1731 353 1812 framebque
357 1736 495 1812 juvenem
506 1746 620 1799 ornant:
636 1741 699 1798 haec
708 1741 782 1815 apud
791 1741 854 1798 illos
862 1749 937 1816 toga,
947 1743 996 1805 bic

98 1809 341 1887 primusJurentae
352 1813 441 1871 honos
451 1835 457 1870 :
467 1823 531 1874 ante
538 1815 695 1874 hocdomtis
705 1835 770 1892 pars
777 1817 917 1887 videntur,
927 1837 1003 1882 motu

97 1886 278 1962 reipublice.
320 1889 438 1964 lusignis
448 1893 588 1958 nobilitas,
597 1900 643 1946 aut
652 1909 751 1965 magna
760 1899 869 1966 patrum
882 1897 999 1970 merita}

97 1963 237 2040 principis
247 1965 435 2040 dignationem
444 1965 528 2024 etiem
539 1965 752 2024 adolescentulis
763 1967 914 2042 adsignant.
936 1969 994 2030 Ge.

97 2037 157 2097 teri
167 2042 370 2100 robustioribus
381 2062 414 2101 ac
417 2043 590 2118 jampridem
597 2042 721 2118 probatis
730 2051 911 2118 aggregantur
921 2061 994 2110 cneo

99 2118 192 2177 rubor
200 2118 275 2180 inter
285 2119 402 2180 comites
411 2119 509 2195 aspici.
543 2120 655 2180 Gradus
669 2120 822 2196 quinetiam
833 2129 862 2179 et
871 2121 933 2199 ipse
943 2141 997 2181 co-

98 2193 212 2256 mitatns
223 2195 324 2266 habet,
325 2196 434 2270 judicio
444 2196 516 2271 ojus,
525 2203 761 2273 quemsectantur
774 2220 780 2255 :
797 2217 949 2276 magnaque
963 2206 996 2262 et

99 2270 237 2329 comitum
252 2273 402 2342 aemulatio,
416 2274 518 2348 quibus
532 2274 642 2350 primus
653 2275 726 2351 apud
740 2275 899 2352 principem
912 2295 996 2340 suum

93 2348 180 2408 locus
194 2369 201 2420 ;
213 2355 242 2408 st
252 2349 423 2426 principum,
432 2351 475 2407 cei
486 2352 600 2426 plurimi
608 2359 638 2408 et
644 2352 773 2410 acerrimi
779 2354 905 2412 comites.
920 2352 993 2413 Hero

98 2423 230 2500 dignitas,
242 2426 287 2484 hae
300 2427 388 2495 vires,
402 2444 499 2500 magno
507 2446 621 2504 semper
628 2431 782 2488 electorum
786 2431 924 2504 juvenum
933 2433 994 2505 glo«

99 2502 137 2572 bo
151 2502 331 2572 circumdari,
349 2503 381 2562 in
391 2521 461 2578 pace
472 2505 569 2573 decus,
583 2506 612 2562 in
625 2507 701 2562 bello
716 2508 887 2580 presidium.
929 2505 996 2570 Neo

99 2579 190 2636 solum
203 2580 231 2636 in
244 2582 295 2638 sud
307 2587 391 2655 gente
404 2583 518 2656 curque,
532 2581 582 2638 sed
596 2582 670 2656 apud
682 2581 811 2638 finitimas
825 2601 937 2657 quoque
950 2584 994 2642 ci-

99 2655 201 2722 vitates
214 2657 243 2714 id
256 2675 369 2727 nomeu,
384 2677 418 2715 ea
437 2657 528 2732 gloria
541 2665 593 2723 est,
608 2657 631 2713 si
645 2675 763 2714 numero
777 2676 811 2714 ac
824 2659 930 2716 virtute
943 2677 992 2718 co-

97 2732 208 2794 mitatils
219 2736 358 2798 emineat:
374 2740 545 2810 expetuntur
555 2732 630 2789 euim
638 2733 820 2807 legationibus
831 2742 860 2792 et
869 2736 993 2795 muneri*
1031 2749 1039 2761 ¹

99 2809 153 2870 bus
164 2819 312 2882 ornantur,
324 2817 353 2873 et
365 2811 426 2888 ipsb
439 2812 607 2888 plerumque
621 2807 780 2898 famil’ffll
793 2809 951 2899 profligant.
966 2793 1030 2899 [Α

133 2885 990 2963 XlV.Cdmyentuminaciem‚turpepr1ucip1virtutevrucr3
1013 2926 1015 2934 ι

47 3024 51 3036 ,
99 2972 185 3038 turpe
199 2966 352 3036 comitatui,
366 2965 500 3032 virtutem
512 2963 648 3040 principis
663 2982 718 3032 non
729 2964 888 3041 adaequare.
929 2963 992 3026 Jam

99 3043 174 3103 verb
187 3041 289 3105 infame
303 3043 332 3104 in
345 3060 457 3103 omnem
470 3043 557 3100 vitam
570 3059 602 3100 ac
616 3043 796 3117 probrosum,
810 3041 992 3116 superstitem
1104 3109 1107 3116 .

99 3117 223 3196 principi
232 3137 283 3176 suo
292 3137 329 3180 ox
338 3120 399 3180 acie
410 3120 573 3181 recessisse.
598 3117 681 3182 Illum
688 3117 841 3176 defendere
850 3117 933 3187 tueri,
942 3137 993 3180 sua

99 3197 216 3272 quoqne
228 3195 312 3254 sortia
324 3194 399 3264 facta
411 3197 512 3272 glorias,
519 3196 580 3270 ejus
589 3195 743 3270 adsignare,
751 3195 990 3272 precipuumsac·

100 3279 258 3329 ramentum
271 3280 324 3331 est.
355 3273 513 3349 Principes
526 3290 579 3348 pro
593 3272 710 3332 rictoril
720 3279 859 3348 pugnarn
875 3271 990 3334 comites

100 3367 155 3430 pro
165 3347 308 3426 Principe.
340 3349 990 3426 Sicivitasinqudortisunt,longbpaceetotio

101 3427 372 3512 torpea13plerique
381 3427 516 3484 nobilium
526 3425 851 3502 adolescentiumpetunt
859 3425 936 3514 ultrb
944 3443 991 3488 ess

101 3509 240 3571 natones,
251 3523 314 3578 qum
328 3504 386 3576 tdrn
397 3505 504 3568 bellum
518 3503 629 3578 aliquod
641 3510 745 3578 gerunt¹
753 3525 765 3574 ς,
776 3502 841 3579 quia
850 3509 879 3560 et
886 3511 994 3578 ingrata

101 3575 180 3662 gesti
187 3579 278 3658 quies,
285 3587 314 3646 et.
321 3577 427 3654 facilius
440 3580 515 3646 iuter
528 3581 659 3663 ancipitia
671 3581 840 3654 clarescunt,
850 3597 997 3664 megrim>
