2214 3986
43 368 53 387 ι
122 279 174 337 ior
264 288 269 298 ¹
365 279 399 338 c.
418 279 531 337 coru.
550 277 684 356 ricini
785 243 924 336 aaa
943 279 1020 336 aaa
1101 243 1102 280 ¹

22 407 28 418 .
122 425 261 504 veljuxtis
278 409 342 494 silas
356 429 444 498 vires,
464 391 727 505 circumspectabat.
766 377 926 506 ’Milesipsi
939 427 1016 488 adeo

21 538 26 550 ·
122 513 247 582 paratim,
267 513 298 563 ul
320 514 495 580 preeuntem
506 507 733 576 sacramentimr‚¹
746 515 776 563 et
788 505 878 564 fausta
896 505 1015 563 Vitellio

124 583 218 642 omnia
242 591 417 658 precantem,
429 602 497 672 ,per
528 585 670 641 silentium
702 584 848 641 audierint.
890 582 1015 640 Muciani
1101 637 1102 676 ἢ

124 661 240 729 animm,
262 679 315 718 nec
329 659 504 736 Vespasiano
527 662 644 729 alienus,
658 667 687 718 el
712 662 741 738 in
764 651 862 718 Titum
875 659 1013 736 pronior:

125 735 276 812 'prefectus
286 737 414 812 AEgypti,
425 739 595 806 Alexander,
603 738 721 796 consilia
730 737 895 796 sociaverat.
933 736 1015 808 *Ter-

125 815 192 874 e'am
205 813 355 887 legionem,
369 815 445 889 quod
459 835 475 872 e
490 816 573 891 Syria-
585 817 613 872 in
627 815 756 872 Moesiam
768 814 924 885 transisset,
937 831 1015 870 snam
1101 815 1102 818 ’

125 890 307 952 numerabat:
329 899 435 948 ceterae
460 892 567 968 lllyrici
590 893 726 966 legiones,
749 897 890 949 secutum
915 908 1015 964 spera-

124 969 236 1024 bantur.
277 966 408 1043 Namque
419 987 516 1026 omnes
527 967 870 1044 exercitueflammavoeet
884 985 1016 1041 arrogan-

126 1044 164 1102 tia
174 1043 345 1102 venientium
360 1064 377 1100 a
389 1043 505 1103 Vitellio
520 1047 657 1116 militnm;
679 1047 755 1122 quod
768 1053 1015 1120 trucescorpore,

126 1122 235 1178 horridi
256 1139 397 1191 sermone,
419 1131 542 1192 ceteros,
556 1131 586 1181 ut
598 1123 733 1198 impares,
746 1123 915 1180 inridebant.
957 1122 1017 1178 Sed

123 1199 155 1256 in
166 1201 239 1256 tanta
252 1201 327 1257 mole
339 1200 407 1257 belli
422 1202 589 1276 plerumque
614 1201 755 1258 cunctatio
766 1203 790 1271 3²
809 1207 839 1257 et
865 1197 1017 1274 Vespasia·

127 1295 189 1346 nus,
210 1277 295 1334 modo
307 1279 336 1334 in
356 1297 435 1353 spem
458 1287 582 1347 erectus,
604 1277 750 1354 aliquando
770 1278 888 1335 adversa
900 1283 1017 1352 reputa-

127 1354 191 1411 bat:
215 1355 307 1424 ‘Quis
320 1355 368 1411 ille
391 1355 450 1411 dies
473 1355 557 1424 foret,
578 1375 634 1431 quo
654 1357 797 1430 sexaginta
819 1355 907 1412 aetatis
917 1373 1017 1425 annos,

129 1440 181 1490 ‘et
191 1432 260 1488 duos
273 1432 345 1488 filios
353 1431 475 1505 juvenes
488 1434 565 1490 bello
575 1433 775 1509 permitteret?
805 1432 875 1490 Esse
898 1431 1017 1506 priuatis
1102 1439 1103 1466 l

129 1508 359 1587 ‘cogitationibus
385 1527 564 1580 regressum:
586 1518 625 1580 et,
646 1519 731 1586 prout
755 1511 854 1577 velint,
878 1511 944 1584 plus
964 1510 1018 1566 mi-

130 1585 237 1671 ·nirsve
261 1585 332 1671 suini
358 1602 395 1640 ex
420 1585 548 1644 fortuna:
571 1589 720 1666 imperium
733 1587 921 1664 cupientibus,
945 1588 1018 1645 nihil

130 1671 137 1694 ⁸
149 1661 271 1716 medium
283 1669 358 1718 inter
370 1680 476 1719 summa
489 1672 517 1720 et
530 1667 708 1742 precipitia!

167 1737 284 1794 LXXV.
328 1737 503 1797 Versabatur
515 1751 579 1800 ante
590 1744 686 1801 oculos
699 1743 861 1829 Germanici
874 1743 1018 1800 exercitlls

130 1815 336 1885 robsauotum
357 1817 420 1874 viro
446 1819 575 1877 militari:
598 1821 684 1878 ‘Suas
705 1822 830 1896 legiones
848 1819 926 1877 civili
938 1819 1017 1878 bello

130 1893 333 1969 ‘inexpertas3
355 1893 474 1964 Vitellii,
503 1897 652 1956 victrices:
685 1906 714 1956 et
734 1899 809 1974 apud
832 1897 932 1964 victos,
954 1899 1019 1973 plus

130 1979 138 2008 ⁶
154 1971 400 2046 querimoniarum,
422 1974 505 2048 quam
518 1975 639 2032 virium:
662 1974 766 2032 fluxam
787 1995 842 2050 per
861 1975 1018 2032 discordias

130 2049 267 2108 ‘militum
290 2049 384 2118 fidem,
411 2058 440 2107 et
461 2052 617 2126 periculum
635 2071 671 2109 ex
689 2049 812 2127 singulis.
854 2051 928 2122 Quid
942 2053 1018 2109 enim

130 2127 312 2262 iiiiii?
321 2119 595 2264 lllllfflelaelli'
609 2131 716 2265 lum
730 2132 868 2224 aerque,
882 2131 1018 2265 illiti

553 2227 571 2264 v
590 2227 618 2264 rs
690 2227 817 2266 namium
941 2253 947 2265 .
990 2227 1017 2266 rc

130 2289 137 2314 ‘
154 2224 363 2337 Scriboniaiium
383 2282 577 2349 subffClaudio
591 2227 769 2344 interiectum
784 2307 790 2342 :
812 2225 1016 2360 sicpriercusso·

131 2365 138 2390 ¹
154 2372 215 2412 rem
227 2357 288 2430 ejus
302 2354 480 2429 Volaginium
493 2379 510 2414 e
522 2363 652 2434 gregario
666 2364 699 2420 ad
712 2381 819 2440 summa
828 2363 934 2420 militiae
949 2381 1014 2438 pro-

130 2440 137 2467 ‘
149 2437 270 2490 vectum.
281 2431 303 2488 F
306 2425 402 2521 acilius
409 2435 557 2494 universos
565 2439 682 2514 impelli,
692 2439 775 2516 quem
781 2440 903 2515 singulos
911 2441 1014 2497 vitari!
1103 2445 1104 2518 f

168 2508 299 2566 Lxxvl.
340 2510 393 2582 His
429 2515 594 2586 pavoribus.
610 2525 763 2587 nutantem,
796 2517 905 2575 etalii
929 2519 1012 2591 legati

102 2577 267 2663 'amicique
293 2587 449 2659 firmabant,
470 2599 499 2649 ct
522 2591 666 2652 Mucianus
696 2603 760 2670 post
791 2595 892 2653 multos
919 2613 1012 2652 secre-

129 2672 228 2740 tosque
241 2682 397 2736 sermones,
418 2667 478 2743 jam
495 2676 525 2728 et
546 2672 656 2728 coram³
678 2673 715 2730 ita
740 2673 866 2736 locutus:
888 2672 1014 2730 ‘Omnes

130 2743 201 2818 ‘qui
224 2761 382 2818 magnarum
414 2765 511 2806 rerum
536 2750 652 2807 consilia
683 2750 848 2826 suscipiunt,
875 2751 1013 2808 aestimar'e

130 2819 265 2890 ‘debent‚
289 2841 333 2891 an,
360 2824 434 2897 quod
458 2825 615 2896 inchoatur,
646 2828 812 2902 reipublicae
843 2829 924 2895 utile,
947 2828 1013 2904 ipsis
1038 2827 1040 2832 ’

130 2896 308 2982 ‘gloriosum
318 2905 363 2955 aut
381 2911 541 2976 promptum
551 2903 664 2973 effectu,
677 2911 724 2962 aut
737 2906 815 2962 certe
828 2923 884 2962 non
898 2906 1013 2962 arduum

128 2979 136 3009 ⁸
152 2979 198 3031 art.
240 2973 326 3030 Simul
337 2974 409 3049 ipse,
424 2977 471 3052 qui
491 2980 598 3050 suadet,
612 2981 830 3040 considerandus
841 2991 895 3052 est,
919 2983 1008 3062 adjici-

163 3142 352 3201 lProeeunlem
372 3148 578 3208 Sacramentum.
614 3154 708 3209 Verba
720 3155 903 3224 jurisjurandi
922 3157 1009 3210 solsa-

30 3281 34 3290 .
127 3214 174 3270 nis
182 3215 354 3282 profantem.

160 3283 349 3356 2Plcmmqae
369 3290 508 3344 cunctatio.
545 3292 660 3346 Addunt
683 3293 789 3363 Regius
801 3305 830 3349 et
850 3295 1010 3364 ltyclrianus

52 3365 62 3384 ³
127 3349 221 3416 ulmal,
233 3369 415 3419 quamvocern
427 3361 589 3412 mutandam
601 3374 697 3415 conset
708 3363 834 3430 ltyclrius
845 3366 874 3417 in
886 3365 982 3418 oborta.

126 3417 392 3548 inzggssrczcorom
423 3427 489 3484 Jam
500 3429 691 3484 etiammultis
700 3432 885 3501 audientibus,
895 3445 924 3502 at
934 3431 1010 3504 qusai
