2254 3960
75 370 105 411 a.
129 372 158 414 c.
175 357 220 413 97-
438 352 637 410 malcolm
952 352 1005 412 299

74 501 188 560 tissimi
208 497 346 574 cujusque
357 495 457 572 pietas.
499 498 605 556 idfiliae
617 499 998 578 quoqueuxoriquepraece·

75 579 195 656 pericu,
206 575 247 633 cic
257 574 356 650 patris,
367 575 408 632 sic
420 575 511 632 mariti
524 575 689 634 memoriam
702 577 845 645 venerari,
859 584 890 634 ut
907 579 999 636 omnia

75 653 298 728 factadictaque
308 652 368 726 ejas
376 669 472 708 aecum
484 653 651 721 revolvaut3
673 651 831 729 famamque
844 673 875 710 ac
886 653 1002 728 figuram

76 729 175 804 animi
188 729 287 802 magis,
301 729 385 803 quim
397 728 537 801 corporis,
551 729 793 803 complectantur:
816 749 872 787 uon
886 732 950 806 quia
959 733 1001 790 iu-

75 805 294 868 tercedendum
304 811 401 880 putem
410 805 585 878 imaginibus,
595 823 658 880 quae
667 823 817 875 marmore,
827 815 872 865 aut
883 827 941 865 aare
949 807 1001 866 fiu-

73 890 214 960 guntur:
237 882 300 949 sed,
309 888 340 938 ut
357 882 451 938 vultus
465 882 619 950 homiuum,
633 883 670 940 ita
684 883 832 942 simulacra
845 885 937 942 vultus
950 885 1001 942 im-

73 960 196 1019 becilla
205 977 237 1015 ac
246 957 372 1015 mortalia
381 964 456 1026 sunt,
464 957 661 1016 formamentis
672 967 796 1017 aterna:
811 980 893 1035 quam
901 969 1001 1020 tenere

75 1045 113 1096 et
129 1035 308 1110 exprimere,
319 1053 375 1091 uon
389 1052 443 1110 per
452 1035 571 1092 alienam
580 1036 764 1102 materiamet
773 1045 873 1103 artem,
881 1039 931 1095 sed
944 1039 999 1098 tuis

73 1115 153 1190 ipse
173 1111 300 1168 moribus
321 1111 420 1186 possis.
462 1111 603 1187 Quidquid
625 1129 661 1168 ex
682 1111 812 1184 Agricolt
835 1115 999 1184 amavimus,
1011 1107 1027 1177 ,⁴

75 1188 228 1271 quidquid
238 1189 329 1245 mirati
342 1206 447 1256 sumus,
458 1195 561 1257 manet,
574 1205 791 1262 mansurumque
805 1189 889 1244 estin
903 1191 999 1248 animia

76 1265 247 1333 hominum,
260 1265 290 1321 in
313 1264 468 1322 mtemitate
491 1272 661 1340 temporum,
687 1263 759 1321 sarni
780 1282 886 1320 rerum.
927 1263 1001 1324 Nam

75 1343 194 1404 multos
202 1342 430 1410 veterum,velut
438 1341 571 1416 inglorios
581 1341 763 1416 etignobileo‚
773 1340 877 1398 oblivio
887 1341 998 1412 obruet,

74 1419 234 1498 Agricola,
244 1418 400 1494 posteritati
410 1425 539 1476 narratus
553 1425 582 1476 et
594 1417 721 1510 traditus,
734 1425 878 1494 superstas
893 1418 956 1476 erit.
995 1465 1000 1499 4
