2214 3986
3 287 4 292 ‘
83 265 211 347 sed:
292 258 447 348 ursroa'
466 291 538 348 urs.
557 291 783 360 succubus..
869 247 880 264 ’
930 296 985 360 aus

85 439 178 494 ‘stne
200 437 318 496 consilio
340 439 499 516 perlculum
524 455 625 498 suum:
648 448 678 497 et
701 437 725 498 si
747 441 862 500 sortund
881 447 980 518 copti·

27 565 29 570 .
84 510 242 584 ‘adsuerit
267 515 314 572 cui
336 532 472 572 summum
491 515 592 574 'decus
625 517 796 592 adquiratur.
849 517 909 592 Ego
942 529 980 591 te,

81 595 95 622 ‘
109 587 294 666 Vespasiane,
316 591 349 648 ad
372 591 524 666 imperium
545 609 629 662 voco,
720 597 846 652 salutare
865 596 978 670 reipub·

83 665 183 736 ‘licen
210 669 295 744 qudrn
326 668 377 724 tibi
409 668 593 742 magnificum.
706 679 732 728 ta
763 672 843 739 deos,
870 671 899 728 iu
932 675 978 739 tud

81 749 190 800 ‘mauu
201 745 323 818 positum
337 745 389 802 est.
430 745 493 802 Nec
509 747 637 819 speciem
657 747 793 804 adulantis
810 733 994 822 expaveris&

82 821 333 897 ‘acontumeliip
362 823 451 895 ‘quim
483 841 499 877 a
523 821 606 879 laude
639 839 691 896 pro
712 824 754 880 ius
788 823 883 892 suerit,
916 831 980 898 post

81 902 90 928 ‘
108 895 255 954 Vitellium
268 897 345 970 eligi.
385 897 452 954 Non
466 898 599 954 adversus
611 897 670 954 divi
709 901 799 972 ugusti
812 901 979 958 acerrimum

80 979 243 1041 ‘ruentem
265 991 320 1037 uec
336 973 477 1050 :adversm
501 973 686 1030 oaubssimarn
712 975 822 1032 Tiberii
848 985 977 1034 senectu-

11 1071 14 1078 ’
79 1054 177 1118 ‘tem‚
191 1065 233 1106 ne
248 1055 349 1106 contra
366 1047 428 1123 Quii
447 1048 570 1122 quidem,
584 1048 765 1116 nunciandi,
778 1053 826 1106 vel
843 1050 977 1121 Neronis,
1047 1083 1058 1092 -

78 1124 251 1182 ‘fundatam
283 1125 370 1196 longo
402 1124 522 1198 imperio
542 1124 665 1190 domum,
694 1127 888 1198 exsurgimus:
916 1125 977 1185 ce's·

78 1205 91 1236 ‘
107 1201 168 1258 sisti
188 1202 272 1259 etiam
292 1201 392 1257 Galsae
413 1199 587 1273 imaginibus.
629 1199 763 1274 Torpere
777 1202 860 1267 ultre,
874 1211 903 1258 et
915 1205 976 1278 pol-

78 1287 89 1312 ‘
106 1278 239 1335 luendam
253 1278 486 1352 perdendamque,
496 1277 701 1351 rempublicam
711 1277 884 1350 relinquere,
893 1296 979 1352 sopor

80 1362 136 1412 ’et
159 1355 272 1428 ignavia
298 1354 453 1420 videretur,
468 1354 551 1412 etiarn
577 1354 600 1410 si
627 1355 688 1421 tibi,
712 1355 794 1430 quim
821 1353 976 1423 inhonesta,

81 1436 163 1508 ‘tam
182 1438 243 1488 tuta
265 1431 387 1488 servitus
410 1437 495 1488 esset.
544 1431 621 1488 Abiit
638 1433 709 1505 jam,
737 1438 766 1485 et
788 1437 989 1488 transvectum·

81 1512 151 1564 ‘est
173 1516 295 1582 tenpus,
318 1526 373 1582 quo
395 1525 493 1582 posses
513 1508 605 1566 videri
626 1507 793 1582 concupisse
810 1505 834 1560 :2
854 1503 978 1580 coniugi-

81 1583 212 1641 ‘eudum
225 1584 316 1640 estad
338 1585 511 1658 imperium„
538 1585 581 1640 An
603 1584 707 1641 excidit
728 1579 881 1640 truofliatus
905 1579 977 1640 Cor-

82 1659 391 1792 ‘b⁰l⁰?'⁵}¹⁸⁰didi⁰r
417 1661 536 1734 origiue,
560 1663 643 1735 quim
663 1680 713 1718 uos
738 1679 844 1727 sumus,
865 1658 976 1717 fateor:

81 1737 159 1794 ‘sed
182 1744 211 1794 et
263 1755 325 1804 ero,
344 1734 488 1794 nobilitate
511 1738 653 1805 natalium,
675 1737 821 1794 Vitellium
842 1738 990 1805 anteibat.¹

81 1813 179 1870 ‘Satis
212 1812 308 1870 clarus
331 1806 375 1869 eit
404 1814 478 1887 apud
510 1814 665 1879 timentem,
693 1815 817 1888 quisquis
850 1813 974 1870 timetur.

10 1915 16 1924 ·
81 1889 145 1946 ‘Et
164 1909 248 1964 posse
272 1892 306 1946 ab
327 1891 455 1946 exercitu
477 1889 639 1963 Principem
657 1889 731 1957 fieri,
744 1891 797 1945 sibi
811 1891 874 1963 ipse
887 1889 976 1945 Vitel-

81 1965 162 2022 ‘lius
185 1967 364 2032 documento,
386 1966 468 2021 nullis
487 1966 521 2020 sti
544 1965 643 2030 endiis,
666 1965 741 2020 nulli
761 1965 872 2020 militari
893 1964 976 2033 fumi,

82 2040 208 2097 ‘Galbae
231 2042 295 2098 odio
317 2049 480 2114 provectus.
552 2059 567 2094 e
588 2039 731 2094 Othonem
747 2040 885 2112 quidem‚³
899 2040 976 2098 ducis
995 2042 998 2052 ’

81 2124 91 2152 ‘
107 2125 180 2185 arte,
194 2124 242 2174 aut
260 2117 405 2177 exercitiis
419 2135 458 2184 vr,
471 2117 523 2173 sed
533 2117 722 2189 preproperi
735 2115 822 2187 ipsius
841 2114 974 2186 despera-

82 2194 184 2252 ‘tione
210 2195 318 2259 victum
336 2193 395 2270 jam
420 2193 636 2250 desiderabilem
663 2199 691 2248 et
713 2210 840 2267 maguum
869 2189 975 2247 Princi-

83 2277 177 2344 ‘pem
199 2269 275 2328 fecit.
317 2269 390 2326 Cium
422 2269 534 2326 interim
564 2269 668 2344 spargit
693 2269 828 2341 legiones,
853 2275 977 2324 exarmet

83 2347 252 2416 ‘cobortes
275 2365 350 2405 nova
371 2347 495 2422 quotidie
521 2347 598 2414 bello
621 2345 742 2404 seminari
764 2345 921 2403 ministrat:
952 2345 976 2404 si

84 2423 176 2502 ‘quid
189 2425 310 2484 ⁴ardoris
334 2443 366 2479 ac
386 2425 501 2484 ferocias
521 2425 601 2480 miles
624 2424 729 2494 babuit,
742 2424 865 2501 popinis,
879 2429 908 2484 et
927 2441 975 2484 co-

84 2507 92 2533 ‘
108 2500 333 2564 messationibus‚
348 2507 377 2554 et
391 2499 533 2570 Principis
540 2501 704 2566 imitatione,
718 2501 864 2556 deteritur.
907 2500 975 2558 Tibi

84 2581 91 2608 ‘
107 2575 238 2631 eludas
252 2582 280 2630 et
294 2573 376 2646 Syrie
389 2582 417 2629 et
435 2573 558 2646 AEgyplo
580 2593 682 2629 novem
703 2576 827 2646 legiones
848 2576 974 2647 integrae,

49 2714 53 2721 Ι
83 2659 93 2686 ⁶
108 2651 188 2706 nulli
200 2651 260 2703 acie
274 2647 429 2711 exhaustae‚
450 2665 506 2700 non
516 2647 662 2702 'discordie
675 2658 818 2720 corruptae
835 2670 841 2703 :
864 2649 914 2703 sed
927 2651 974 2708 fir-

84 2736 92 2763 ‘
108 2731 200 2782 matus
216 2733 273 2778 ‘usu
295 2721 387 2788 miles,
401 2727 430 2775 et
449 2720 518 2775 belli
531 2721 651 2777 domitor
664 2723 784 2777 externi.
826 2723 974 2797 classium,

120 2881 135 2931 1
154 2877 182 2931 A
193 2875 358 2930 contumelio.
393 2875 458 2928 Non
472 2883 529 2926 tum
548 2873 728 2940 magnificum
748 2885 798 2938 est,
811 2879 894 2942 quem
908 2894 974 2930 con-

85 2949 274 3011 tumeliosum,
286 2947 430 3016 praelatum
443 2962 505 2997 esse
518 2944 668 3009 Vitellium,
680 2945 797 2997 neonisi
809 2955 870 3012 post
883 2946 974 3014 ipsum

86 3020 157 3072 elii.
876 3045 881 3052 -

118 3036 401 3153 {Abiitudempua
424 3101 475 3152 quo
492 3101 584 3154 posses
602 3078 690 3135 videri
709 3080 871 3150 concupisse.
918 3083 975 3138 lstb

85 3168 166 3210 aetate
179 3158 288 3207 maturi
301 3165 328 3206 et
342 3155 476 3218 modeste,
489 3170 544 3206 non
567 3152 695 3206 videbere
717 3152 866 3219 cupiditate
885 3151 976 3218 ulique

87 3227 175 3280 elatus
193 3224 340 3292 imperium
364 3233 503 3291 appetere,
516 3225 565 3275 sed
585 3223 749 3274 necessitate
762 3219 874 3287 publici
885 3222 975 3286 priva·

87 3299 169 3414 terpus
182 3305 305 3348 coactus.
342 3293 386 3345 Ita
398 3293 490 3344 locum
503 3293 702 3358 iuterpretatur
716 3289 835 3356 Lipsius.

84 3371 87 3376 '
155 3363 201 3416 Ne
213 3361 339 3414 Othonem
346 3359 459 3429 quidem.
479 3361 575 3428 ipsum
584 3361 667 3413 etiam
678 3360 828 3420 Othonem,
839 3356 978 3414 nundus-is

88 3435 156 3486 urle.
167 3469 174 3482 .
184 3468 192 3482 .
203 3430 250 3482 sed
261 3468 268 3481 .
278 3467 284 3480 .
295 3468 302 3481 .
315 3430 495 3499 desperatione
504 3430 609 3495 vidum,
622 3429 682 3499 jam
700 3425 976 3498 desiderabilemfecil.

95 3503 98 3508 ’
121 3499 138 3552 4
158 3495 239 3561 Novo
251 3499 312 3551 bello
323 3499 436 3558 semino.
473 3501 520 3552 Sic
534 3511 617 3553 vocat
629 3501 755 3567 legiones
769 3513 892 3566 sporum,
904 3507 979 3554 esar·

89 3573 173 3624 motos
186 3569 321 3630 cobortes,
333 3579 418 3628 stoue
431 3571 467 3623 ob
479 3582 542 3626 eum
553 3587 614 3624 rem
625 3568 738 3625 vitellio
751 3569 848 3626 iratus
