2252 3958
83 344 138 390 re.
153 325 194 390 tr.
303 310 711 390 merueramus.
933 333 970 392 rs

84 480 131 544 pro
143 457 290 532 trudeus
302 434 573 544 interpretabantur.
614 465 698 526 Multi
709 469 738 528 in
750 475 875 545 utroque
888 487 970 530 exer·

85 544 139 616 citu
145 546 216 605 sicut
228 547 348 606 modesti
359 547 516 623 quietique,
529 546 568 604 ito
577 545 645 602 mali
654 553 684 605 et
691 547 800 604 strenui
811 569 818 602 ι
840 545 893 604 secl
903 565 970 622 pro·

83 618 141 680 surr
157 625 299 700 cupidine,
325 631 355 682 et
381 624 482 700 insigni
507 625 679 694 temeritate,
709 625 792 700 legati
819 625 971 698 legionum,

81 698 188 759 Alienus
202 701 327 772 Casina,
341 709 371 760 et
384 701 489 760 Fabius
501 699 630 760 Valens:
653 702 784 778 equibus
798 699 914 772 Valens,
928 703 971 762 in·

82 771 170 837 sensus
183 779 293 850 Galbae,
313 788 455 856 tamquam
478 780 619 844 detectam
639 798 655 836 a
671 798 703 838 se
717 779 845 854 Verginii
858 787 971 840 cuncta-

81 853 191 926 tionem,
212 877 350 934 0ppressa
362 857 508 932 Capitonis
522 858 651 926 consilia,
671 857 776 932 ingrati
788 859 908 928 tulisset,
928 855 970 916 in·

80 931 179 1006 stigare
188 934 345 1003 Vitellium,
360 944 367 969 ¹
380 935 510 992 ardorem
517 935 646 995 militum’
658 943 810 994 ostentans.
852 946 859 971 ‘
876 933 973 1012 ipsum

81 1011 209 1068 ‘celebri
222 1012 328 1086 ubique
342 1005 425 1079 iamt,
446 1011 550 1076 nullam
570 1013 600 1068 in
613 1013 716 1070 Flacco
731 1013 898 1072 Hordeonio
911 1032 971 1074 mo-

80 1091 183 1144 'ramz
206 1087 302 1144 adfore
318 1085 508 1162 Britanniam:
531 1095 665 1146 secutura
683 1089 890 1148 Germanorum
903 1111 971 1150 aux-

35 1192 37 1201 =
80 1170 87 1195 *
101 1162 170 1221 ilia:
192 1165 264 1220 male*
278 1163 346 1222 fidas
360 1163 540 1234 proiincias:
562 1165 724 1239 precarium
737 1167 798 1224 seni
811 1167 971 1243 imperium,

34 1283 35 1292 ,
79 1245 131 1298 ‘et
143 1242 226 1308 hreni
240 1242 441 1300 transiturum:
464 1241 604 1316 panderet
616 1241 701 1300 modb
720 1243 822 1313 sinum,
846 1251 876 1302 et
894 1237 972 1302 veni·

80 1319 158 1376 ‘enti
168 1318 289 1378 fortunae
304 1326 480 1376 occurreret.
522 1315 631 1378 Meritb
641 1319 783 1380 dubittsse
798 1319 973 1396 Verginium,

78 1397 224 1473 ‘equestri
238 1397 352 1470 familia,
374 1397 470 1472 ignoto
483 1405 583 1472 patre:
605 1397 754 1474 imparem,
778 1399 801 1456 si
815 1398 974 1474 recepisset

80 1474 270 1550 ‘imperinmr
292 1483 392 1544 tutum,
416 1475 439 1532 si
460 1482 628 1534 recusasset.
670 1474 787 1534 Vitellio
807 1485 866 1536 tres
887 1477 973 1552 patris

80 1559 87 1585 ‘
101 1551 270 1623 consulatus,
284 1571 445 1622 censuram,
459 1553 610 1628 collegium
624 1553 770 1624 Cesarea
786 1562 816 1614 et
823 1555 972 1632 imponere

80 1637 87 1662 ‘
97 1625 266 1706 jampridem
280 1630 464 1707 imperatoris
477 1631 675 1706 dignationem,
698 1640 728 1692 et
741 1633 854 1692 auferre
868 1633 971 1708 privati

32 1744 35 1753 -
80 1713 87 1741 ‘
101 1709 300 1771 securitatem.’
341 1709 526 1779 quatiebatur
539 1709 582 1766 his
596 1729 682 1784 segne
696 1712 848 1786 ingenium,
862 1717 893 1768 nt
905 1729 971 1769 cou-

79 1787 238 1862 cupisceret
251 1786 347 1862 magis,
362 1787 445 1862 quam
458 1794 489 1843 ut
501 1796 642 1861 speraret.

114 1865 190 1923 [ΙΙΙ.
233 1867 270 1922 At
284 1865 312 1920 in
326 1865 475 1942 superiore
489 1864 656 1932 Germanii,
670 1865 797 1935 Caecina,
811 1866 916 1924 decora
924 1865 971 1941 jn·

81 1945 170 2012 venta,
184 1960 309 2018 corpore
323 1943 432 2016 ingens,
446 1941 529 1998 animi
543 1941 718 2011 immodicus,
732 1943 802 2000 scito
815 1941 974 2011 sermone,2

79 2028 173 2079 erecto
187 2023 312 2087 incessu,
325 2019 415 2075 studia
426 2019 544 2076 militum
552 2019 700 2081 inlexerat.
742 2019 826 2076 Hunc
835 2019 974 2091 juvenem

79 2095 174 2168 Galba,
203 2106 375 2175 quaestorem
401 2096 430 2152 in
453 2095 571 2162 Renes,
592 2095 713 2170 impigre
739 2097 768 2153 in
791 2104 887 2170 partes
910 2113 973 2156 suas

30 2222 33 2242 ,,
77 2180 293 2252 transgressum,
314 2173 419 2248 legioni
433 2173 607 2248 praeposuit:
631 2191 698 2229 mox
711 2180 889 2250 compertum
902 2177 972 2252 pub·

30 2244 34 2287 ⁵
77 2253 157 2330 licam
170 2256 321 2330 pecuniam
336 2251 484 2320 avertisse,
498 2259 530 2308 ut
542 2251 738 2326 peculatorem
750 2249 971 2329 flagitari'jussit.

79 2330 194 2390 Caecina
207 2351 284 2406 aegre
298 2349 407 2408 passus,
426 2330 548 2388 miscere
562 2337 672 2398 cuncta,
687 2337 716 2387 et
729 2331 841 2406 privata
854 2333 974 2392 vulnera

77 2411 243 2487 reipublice
257 2411 337 2468 malis
352 2409 467 2484 operire
480 2408 583 2466 statuit.
637 2407 700 2466 Nec
714 2409 834 2471 deerant
846 2411 876 2468 in
888 2430 972 2470 exer-

77 2486 132 2545 citu
145 2489 254 2564 semina
267 2488 426 2556 discordiae,
441 2486 519 2564 qubd
532 2494 562 2542 et
578 2487 655 2543 bello
677 2487 810 2548 adversus
824 2486 974 2547 Vindicem

75 2566 227 2624 universus
241 2561 379 2631 adsuerat,
393 2584 459 2632 nec,
471 2563 524 2619 nisi
538 2563 632 2619 occiso
643 2561 773 2632 Nerone,
787 2564 935 2622 translatus
944 2566 974 2622 in

77 2642 207 2710 Galbam,
232 2649 315 2714 atque
336 2641 364 2695 in
385 2659 422 2696 eo
440 2641 503 2711 ipso
516 2639 692 2710 sacramento
705 2639 818 2695 vexillis
832 2639 974 2698 inferioris

76 2718 241 2780 Germaniae
260 2721 423 2789 preventus
444 2720 514 2769 erat.
563 2712 606 2768 Et.
623 2712 749 2769 Treveri
770 2732 803 2770 ac
823 2709 975 2787 Lingones,

77 2813 207 2874 quasque
222 2792 288 2849 alias
296 2789 426 2849 civitates
437 2788 577 2846 atrocibus
589 2787 699 2858 edictis,
714 2791 869 2849 autdamno
877 2791 974 2852 linium

76 2877 170 2934 Galba
183 2872 357 2948 perculerat,
378 2866 505 2938 hibernis
525 2867 667 2942 legionum
679 2870 795 2944 propiis
808 2869 972 2930 miscentur.

78 2949 163 3011 Unde
184 2949 317 3008 seditiosa
339 2945 490 3022 colloquia,
514 2952 543 3003 et
565 2947 641 3004 inter
666 2964 786 3022 paganos
812 2951 975 3028 corruptior

78 3031 172 3100 miles,
186 3036 216 3087 st
227 3029 257 3085 in
270 3025 436 3102 Verginium
448 3023 540 3094 saror,
554 3026 723 3101 cuicumque
736 3028 783 3085 alii
796 3029 972 3105 profuturus.

116 3197 132 3248 1
155 3193 303 3266 Codsgium
324 3191 448 3247 Cenoma.
492 3191 525 3244 L.
546 3187 673 3244 Vitellius
695 3193 871 3260 imperatoris
894 3201 975 3259 pater

81 3282 148 3321 cum
167 3265 284 3319 Claudio
303 3265 441 3332 principe.
450 3263 519 3316 duos
532 3261 687 3316 ordinarios
701 3263 863 3314 constrictus
875 3276 976 3328 censis·

32 3364 37 3423 -ι
80 3351 200 3418 remque
210 3346 343 3404 gesserat.
471 3403 478 3415 θ
580 3402 586 3412 ι
624 3401 630 3412 Ι
793 3401 799 3414 ·
883 3401 889 3414 ι
939 3401 945 3414 Ι

116 3405 136 3458 2
155 3405 224 3458 Sesto
235 3420 359 3458 somnne.
397 3402 441 3456 lte
452 3415 543 3457 vnum
555 3399 658 3468 Lipsrc,
677 3398 827 3466 Groslotro‚
839 3398 974 3466 Acidalio,

82 3484 138 3526 etc.
151 3486 178 3528 et
189 3476 293 3543 recepit
305 3473 451 3526 Ernestus.
489 3470 581 3538 Vulgo
592 3470 643 3522 cito
662 3469 788 3540 semeae,
804 3469 879 3542 qued
890 3480 933 3526 est
943 3471 973 3524 in
1006 3533 1011 3544 ι

81 3542 162 3611 risio,
173 3559 225 3600 nec
237 3545 273 3600 ad
284 3543 377 3600 studm
388 3541 537 3598 adicienda
549 3551 654 3620 aprum.
