2214 3986
87 271 213 326 aedil.
295 225 768 332 nmronnmsewnnns.
816 207 837 293 ι’
925 275 976 332 1oe
1045 354 1056 379 .

87 416 122 476 tis
134 417 314 476 histrionibus
338 427 367 478 et
391 423 545 498 spedonmn
564 421 705 498 gregibus,
726 429 756 478 et
767 393 867 478 citer-o
882 420 974 479 Nero·

65 499 69 507 '
87 494 176 554 nianae
187 497 257 554 amn
265 497 376 571 ingenio
390 520 397 555 :
419 517 539 575 namque
550 507 579 557 et
587 498 733 556 Neronem
743 499 835 574 ipsum
846 498 975 558 Vitellius

86 571 268 630 admiran'one
294 576 478 645 celebrabat,
490 577 595 634 sectari
615 583 772 651 captantem
789 575 898 644 solitus,
920 593 975 633 non

84 650 262 718 necessitate,
277 654 332 726 qul
355 654 566 712 honestissimus
579 653 709 729 quisque,
729 654 779 711 sed
789 654 868 721 luxu,
877 661 912 710 ‘et
931 671 974 709 sa·

49 746 51 753 ’
82 726 156 799 giuae
182 728 352 803 mancipatus
379 738 555 807 emptasque.
598 730 636 788 Ut
662 731 773 788 Valenti
799 738 828 787 et
848 730 974 787 Casinas

23 823 25 827 ·
82 821 190 862 vacuos
203 805 320 882 honoriq
330 826 441 882 menses
454 809 592 883 aperiret,
600 809 732 866 coarctati
741 809 860 867 aliorum
872 825 974 865 consi»

82 881 167 950 latus,
185 882 363 940 dissimulatis
377 880 470 942 Martii
484 885 586 952 Macri,
599 891 737 960 nmquam
750 885 974 942 Othonianarum

80 958 205 1032 partium
224 959 330 1023 duaes:
352 969 381 1016 et
404 961 550 1020 Valerium
576 961 725 1029 Marinum,
758 963 924 1020 destinatum
957 979 975 1018 a

28 1084 30 1088 .
81 1035 178 1092 Galba
189 1037 346 1103 consulem,
366 1037 481 1104 distulit,
495 1039 573 1094 nullb
582 1037 698 1104 olleusd,
711 1037 762 1094 sed
774 1041 879 1108 mitem,
891 1047 920 1096 et
930 1039 973 1096 in·

74 1111 189 1188 juniam
209 1113 337 1186 seguiter
352 1114 479 1170 laturum.
520 1113 658 1171 Pedanius
668 1113 754 1170 Costa
766 1116 910 1183 omittitur,
931 1116 973 1172 in·

79 1189 182 1262 giatus
199 1187 333 1265 Principi‚
347 1199 377 1246 ut
387 1191 519 1250 adversus
543 1191 689 1248 Neronem
704 1209 795 1258 ausus,
809 1197 837 1246 et
848 1191 973 1266 Verginii

79 1265 290 1322 exstimulator.
333 1267 388 1324 Sed
398 1269 463 1326 alias
478 1269 595 1344 protulit
614 1285 728 1326 causas:
751 1275 876 1342 actaque
887 1269 915 1324 iu
926 1287 973 1325 su·

80 1361 138 1418 par
149 1341 265 1400 Vitellio
278 1352 377 1418 gratas,
390 1347 594 1404 consuetudine
607 1345 740 1406 servitii.¹

121 1419 242 1488 LXXII.
284 1421 350 1478 Non
374 1424 446 1481 ultra
467 1443 571 1498 paucos
589 1424 660 1492 dies,
685 1441 850 1498 quamquam
863 1423 974 1480 acribus

81 1497 169 1554 initiis
193 1507 326 1573 saeptum,
345 1501 519 1560 mendacium
537 1501 632 1558 valuit.
674 1499 826 1577 Exstiterpt
851 1499 972 1575 quidam,

82 1575 318 1633 ‘Scribonianum
337 1595 368 1634 se
382 1577 588 1636 Cauterinum’2
610 1577 705 1636 ferens
726 1577 972 1636 ‘Neronianorum

82 1659 268 1726 ‘temporum
288 1663 364 1720 metu
384 1641 418 1712 in
443 1657 522 1714 Istrid
545 1659 724 1725 occultatum,
751 1656 828 1733 qubd
840 1657 899 1713 illic
919 1655 970 1713 oli-

82 1731 210 1786 ‘entelae
224 1738 253 1787 et
266 1732 324 1806 agri
344 1739 473 1815 vgterum
494 1733 673 1803 Crassorum,
699 1753 731 1792 ac
752 1735 869 1792 nominis
889 1733 972 1791 favor

82 1808 259 1864 ‘manebat’
300 1810 388 1883 Igitur
409 1811 563 1869 deterrimo
586 1830 699 1888 quoque
722 1812 751 1868 in
778 1817 985 1886 argumentum
1034 1819 1043 1832 '

81 1883 186 1944 fabulae
213 1885 368 1962 adsumpto,
395 1890 493 1962 vulgus
513 1890 669 1958 credulum,
690 1897 719 1945 et
731 1889 843 1966 quidam
853 1889 972 1946 militum

81 1979 185 2020 errore
198 1964 272 2032 vem,
292 1983 343 2020 sen
356 1967 501 2022 turbarum
523 1967 624 2034 studio,
645 1967 773 2023 certatim
786 1967 971 2038 aggregaban-

81 2049 131 2098 tur
143 2061 156 2096 :1
184 2041 247 2098 crim
279 2049 437 2116 pertractus
470 2043 505 2099 ad
535 2043 693 2115 Vitellium,
731 2043 972 2115 interrogatusque

81 2126 88 2154 ‘
105 2118 233 2192 quisnam
245 2119 404 2178 mortalium
418 2121 514 2187 esset,’
536 2128 682 2196 postquam
707 2120 784 2176 nulla
796 2118 877 2175 dietis
891 2115 971 2186 fides,

81 2203 111 2253 et
138 2195 288 2274 adomino
311 2198 491 2265 noscebatur,
513 2198 672 2255 conditione
697 2195 839 2272 fugitivus,
860 2194 972 2254 nomine

81 2274 164 2341 Geta,
178 2281 318 2349 sumptum
330 2275 366 2332 de
380 2293 415 2333 eo
426 2275 595 2352 supplicium
605 2276 778 2343 inprrilem
790 2275 912 2333 modum.

22 2359 25 2370 '
121 2347 255 2415 LXXIII.
287 2351 342 2413 Via
365 2352 503 2412 credibile
516 2361 672 2416 memoratu
691 2361 758 2430 est,¹
772 2359 903 2430 quantum
925 2371 972 2410 su-

81 2429 191 2504 perbiae
204 2431 406 2507 'sneordiaeque
421 2433 536 2492 Vitellio
559 2434 725 2510 adoleverit,
748 2439 893 2506 postquam
907 2448 971 2505 spe-

82 2507 223 2566 culatores
244 2527 260 2564 e
281 2509 363 2582 Syria
388 2509 554 2638 Judaedlque,
576 2511 727 2566 ‘adactum
749 2510 777 2564 in
800 2509 888 2564 verba
911 2508 973 2580 ejus

82 2593 89 2618 ⁶
103 2583 262 2639 Orientem'
284 2585 461 2658 nuntiavere.
513 2603 557 2640 am
567 2587 620 2642 etsi
631 2586 707 2656 vagis
719 2584 807 2640 adhuc
820 2592 848 2638 et
858 2583 974 2653 incertis

81 2659 256 2726 auctoribus,
270 2666 332 2714 erat
357 2666 448 2714 tamen
466 2659 495 2714 in
516 2677 566 2714 use
579 2661 707 2733 famaque
720 2659 919 2732 Vespasianus,
940 2677 973 2715 ac

81 2739 255 2814 plerumque
270 2734 305 2798 ad
317 2751 420 2790 nomen
440 2735 501 2809 ejus
520 2733 652 2792 Vitellius
674 2735 857 2792 excitabatur.
898 2733 975 2791 Tum

83 2817 158 2891 ipse,
185 2811 396 2888 exercitusque,
418 2817 447 2867 ut
473 2811 549 2868 nullo
573 2813 685 2880 aemulo,
707 2811 825 2892 sevitid,
847 2811 974 2880 libidine,

84 2887 180 2967 raptu,
195 2891 223 2948 in
234 2899 368 2948 externos
381 2907 474 2947 mores
488 2897 689 2965 proruperant.
771 2897 777 2908 '
987 2907 989 2914 ·

124 2967 256 3027 LXXIV.
297 2969 334 3026 At
360 2965 548 3046 Vespasianus
573 2969 679 3028 bellum
705 2985 847 3046 armaque,
874 2967 975 3045 procul
1092 3001 1093 3040 4

123 3213 468 3270 IConraetnda'uaseruitia'.
502 3213 584 3269 Ib'aa's
600 3216 674 3269 enim
686 3213 805 3270 omnium
823 3207 976 3266 mardoni-

88 3291 342 3352 aoatsaermonam·
352 3287 505 3353 gratiarum
518 3287 599 3350 sotio,
619 3297 650 3338 ut
661 3287 781 3338 babetur
791 3283 864 3336 Anu.
877 3281 918 3345 14,
930 3281 974 3338 56.

121 3353 357 3409 adamnanum
377 3354 559 3409 Quemnam.
596 3355 820 3424 Allasignntum.
856 3350 976 3420 Videtur

89 3424 141 3476 boo
153 3425 266 3477 nomine
287 3424 427 3491 designari
444 3424 531 3478 freter
550 3419 975 3494 allquis,aut‘pstruusPisonis,

91 3509 173 3561 quem
185 3493 276 3546 Galba
288 3493 441 3562 adoptarat,
459 3493 532 3548 Hist.
545 3495 569 3560 1,
589 3494 630 3547 14.
