2254 3960
148 291 200 352 244
416 292 448 348 O.
467 291 581 348 CORN.
599 289 734 346 TACI'I'I
839 305 868 343 s.
887 305 915 344 u.
934 305 959 344 c.
978 289 1045 346 823.
1107 291 1108 306 ¹

234 372 239 386 ¹
670 383 684 414 r

183 437 267 495 v111.
308 437 408 512 Magna
420 455 484 511 pers
503 436 611 494 Judaeae
630 435 700 492 vicis
718 433 912 512 dispergitur:
933 434 1043 512 hamat

148 521 178 572 et
197 513 308 590 oppida.
358 513 557 588 Hierosolyma
578 512 654 584 genti
677 517 771 586 caput.
813 511 874 568 Illic
895 512 1041 570 iinmensae

148 591 299 666 opulentia
322 590 479 664 templum3
501 595 530 644 et
552 589 651 662 primis
672 587 860 653 munimentis,
882 590 959 656 urbs,
972 589 1041 645 dein

200 669 205 680 ι
241 690 247 702 .
441 666 446 676 “
481 666 487 676 ·
520 666 526 677 ’
716 665 738 706 ⁸¹
971 677 975 684 ι
997 665 1007 681 ἱ

145 686 248 802 tter
268 663 1040 816 tttttttltt,ttttontfttttttt

146 817 220 878 Dum
236 819 367 893 Assyrios
387 837 476 894 penes
498 818 655 892 Medosque
678 825 708 874 et
731 817 833 874 Persas
856 817 960 874 Oriens
974 817 1039 886 fuit,

143 894 353 970 despectissima
375 915 439 970 pers
461 895 668 952 servientium:
696 901 844 968 postquam
864 894 1038 952 Macedones

143 979 338 1047 praepotuere‚
360 991 413 1030 rex
433 971 724 1032 Antiochus'dernere
747 971 989 1044 superstitionem,
1010 979 1040 1027 et

141 1063 248 1118 mores,
267 1049 437 1107 Graecorum
459 1049 528 1106 dare
549 1049 676 1114 adnixus,
693 1048 839 1122 quominus
862 1049 1039 1104 teterrimam

142 1133 255 1197 gentem
274 1125 301 1184 iu
325 1128 425 1184 melius
449 1133 578 1192 mutaret,
592 1125 760 1182 Parthorum
781 1124 857 1180 bello
877 1124 1038 1199 prohibitus
1107 1173 1108 1198 ς

113 1249 118 1256 .
143 1209 209 1258 est:
232 1221 295 1261 nam
321 1206 355 1262 et
368 1209 555 1278 tempestate,
582 1203 701 1258 Arsaces
727 1199 911 1258 desciverat.2
959 1201 1038 1256 Tum

142 1276 246 1348 Iudaei,
272 1280 473 1338 Macedonibus
498 1278 636 1346 invalidis,
663 1277 774 1338 Partus
807 1277 930 1334 nondum
957 1277 1037 1334 adul·

143 1354 188 1424 tis,
205 1358 248 1435 (et
269 1356 387 1414 Romani
410 1356 509 1432 procul
532 1353 625 1431 erant)
647 1353 701 1410 sibi
723 1354 778 1428 ipsi
804 1354 1036 1428 regestimposu·

143 1447 214 1489 ere:
237 1433 284 1507 qui
305 1434 457 1490 mobilitate
480 1433 555 1505 vulgi
577 1431 698 1506 expulsi,
719 1432 862 1507 resumpti
883 1449 937 1504 per
957 1449 1037 1486 mma
1107 1451 1108 1458 ¹

137 1507 338 1575 dominatione,
368 1509 447 1582 sugas
474 1507 604 1585 bivium,
626 1507 738 1564 urbium
770 1508 944 1574 eversiones,
978 1495 1035 1564 ffa·

141 1586 225 1650 trum,
246 1585 405 1655 conjugum,
426 1592 574 1656 parentum
599 1602 697 1650 neces,
718 1584 827 1656 aliaque
853 1583 936 1638 solita
958 1585 1035 1656 regi·
1107 1583 1108 1596 ¹

140 1656 192 1712 bus
216 1657 284 1726 ausi,
305 1658 533 1730 superstitionem
559 1657 715 1716 forebant:
738 1659 803 1733 quia
824 1659 916 1715 honor
936 1677 1049 1719 secem.
1107 1723 1108 1760 ,

48 1783 52 1800 ,
140 1730 218 1798 dotii,
232 1732 435 1794 firmamentum
448 1735 585 1809 potentie,
595 1736 802 1798 adsumebatur.

179 1807 229 1864 IX.
272 1809 462 1874 Romanorum
481 1812 589 1885 pslmus·
609 1812 664 1868 Cn.
679 1811 832 1886 Pompeius
849 1812 967 1869 Iudaeos
980 1815 1033 1872 do-

139 1884 230 1943 muit:
252 1888 444 1964 templumque
460 1889 528 1962 jure
550 1889 678 1948 victoriae
702 1891 843 1962 ingressus
864 1897 916 1946 est.
957 1891 1033 1948 Inde

140 1963 293 2037 vulgatum,
319 1965 415 2022 ‘nulle
439 1965 512 2022 intus
544 1965 627 2022 detur
658 1964 751 2038 effigie
776 1983 892 2036 vacuam
920 1967 1033 2036 sedem,

141 2043 193 2095 ‘et
212 2041 303 2101 inania
323 2043 442 2102 arcana?
483 2040 559 2098 Muri
579 2041 843 2115 Hierosolymorum
861 2041 956 2109 diruti,
968 2044 1032 2100 'de-

139 2113 252 2176 lubrum
270 2118 377 2176 mansit.
419 2118 497 2188 Mox,
518 2117 596 2176 civili
618 2118 693 2180 inter
711 2135 762 2175 nos
776 2119 1033 2194 'bello,postquam

175 2239 189 2288 1
209 2241 248 2292 Et
256 2241 352 2308 prieris
369 2241 541 2295 munimentis
550 2244 620 2308 urbs,
630 2243 692 2296 dein
703 2242 780 2315 regio
791 2244 912 2312 templum
921 2242 1034 2298 intimis

140 2305 267 2359 classenm.
297 2309 414 2362 Trinum
423 2312 560 2377 significat
571 2323 713 2364 murorum
722 2313 865 2376 ambitum,
875 2313 949 2364 itaut
959 2313 1034 2366 urbs
1107 2333 1108 2344 ¹

139 2377 284 2440 exteriore,
297 2378 350 2429 alio
362 2381 447 2446 regie,
460 2381 594 2446 templum
607 2382 737 2433 interiore
747 2381 930 2434 clauderetur.
948 2380 1024 2434 Flos·

138 2439 252 2523 Regius,
263 2457 291 2498 et
309 2449 394 2498 ceteri
411 2448 530 2510 codices,
542 2465 593 2514 pro
609 2447 672 2500 dein
684 2449 768 2518 regio,
779 2451 908 2516 corrupte
921 2450 1033 2503 babent

138 2510 269 2583 deangs'or
287 2517 407 2570 correxit
425 2515 570 2569 Mereetus
588 2519 807 2586 exconjectura,
819 2523 874 2586 que
886 2519 950 2570 nibil
963 2535 1033 2571 cer-

138 2580 202 2647 tius,
212 2595 239 2636 et
251 2601 316 2638 cum
327 2586 507 2652 sequentibus
518 2587 608 2653 magis
620 2603 784 2640 consonum.
821 2585 891 2640 Vide
899 2586 972 2638 intra
985 2589 1034 2641 11,

137 2663 166 2702 et
179 2653 220 2705 12.
256 2653 319 2707 Non
331 2655 415 2724 igitur
427 2655 581 2710 audiendus
589 2655 689 2722 Ryckii
698 2656 788 2708 codex
797 2656 894 2708 fedius
902 2656 1029 2722 interpo-

137 2717 226 2776 latus:
248 2723 386 2792 Ibrnplnm
402 2741 432 2776 ex
444 2723 543 2792 primia
561 2723 733 2780 munimentis
753 2723 845 2778 nrbes.-
863 2723 1029 2794 alienigenis

136 2790 258 2860 temptum
281 2791 395 2850 interius
415 2793 545 2858 claudes.
579 2793 654 2845 Nam
674 2795 809 2865 templum
831 2793 945 2846 interius
967 2807 1029 2850 non

137 2861 216 2912 alieni
274 2861 297 2914 is
318 2864 415 2930 inagis,
435 2867 518 2930 quem
538 2862 605 2930 ipsis
625 2861 729 2916 ludaeis
750 2879 807 2914 non
825 2861 1031 2931 sacerdotibus,

137 2929 233 2982 clausu
246 2983 249 2988 ,
265 2967 271 2993 ,
287 2941 316 2982 ut
327 2933 461 2997 proximis
480 2932 569 2985 verbis
582 2931 701 2984 affirmat
713 2933 772 2999 ipse
784 2931 907 2983 Tacitus.

170 2997 188 3050 2
205 2998 282 3052 Nom
291 2999 321 3051 cd
329 3003 477 3068 tempestate
488 3001 601 3054 Arsaces
608 2999 758 3055 descionot.
794 2999 864 3052 Haec
874 3000 956 3053 rerba
967 3017 1029 3054 non

134 3068 263 3130 videntur,
274 3084 335 3120 esse
353 3067 452 3134 TacitI,
464 3071 518 3122 sed
526 3070 747 3122 additamentum
758 3070 878 3136 imperiti
894 3068 1028 3138 bominis,

135 3139 209 3204 quod
221 3154 236 3190 e
249 3138 410 3204 marginem
419 3139 587 3195 textumirre
608 3140 682 3192 serit.
719 3132 793 3190 Nem
802 3139 922 3192 Arsaces
932 3137 1026 3192 desci-

134 3207 173 3257 vit
184 3208 235 3259 sub
247 3205 386 3262 Antiocho
399 3208 571 3274 cognomine
603 3209 665 3259 heo.
678 3208 725 3274 qui
742 3207 794 3260 fuit
807 3207 893 3274 Syrie
905 3223 955 3260 rex
968 3219 1027 3264 ter·

132 3273 188 3324 tius
206 3274 241 3324 ab
259 3273 386 3338 Seleuco,
408 3285 472 3328 auto
494 3275 636 3328 Christum
652 3275 713 3334 250,
750 3277 908 3336 Antiochus
928 3288 1027 3332 autem

31 3355 33 3373 ·
124 3335 303 3413 Epiphanes,
314 3343 349 3394 de
359 3358 414 3409 quo
423 3343 469 3407 bic
479 3344 578 3410 agitur,
587 3345 689 3412 qquue
698 3343 771 3397 bello
782 3344 948 3398 Parthorum
958 3361 1025 3412 pro·

19 3479 22 3482 ¹
132 3399 234 3454 bibitus
246 3416 296 3468 ast,
307 3411 455 3474 quominus
466 3411 628 3464 Iudaeorum
641 3425 753 3481 gentem
763 3415 946 3482 exscinderet,
955 3427 1025 3469 anto

113 3463 271 3574 {hristum
282 3473 344 3546 Ide.
356 3487 476 3535 octavus
484 3480 634 3551 Syrioeres
648 3471 709 3548 fnit,
721 3499 952 3554 successoresque
971 3483 1031 3544 hit--

152 3535 343 3592 urtcnoolrdos·
472 3570 475 3574 ·
1020 3571 1023 3578 '
