2254 3960
78 315 156 396 ris.
173 337 218 395 aa
358 426 362 434 ι
439 335 650 398 aonrcons.
737 330 739 337 ’
948 339 1002 400 rra

72 485 189 559 direxit:
204 484 290 560 idque
298 483 505 546 matrimonium
515 486 550 542 ad
557 488 664 562 majora
671 478 904 546 nitentidecueac
913 487 1001 547 robur

79 560 140 620 {uit
154 584 161 620 z
183 563 374 637 vixeruntque
386 564 457 620 mira
470 564 632 632 concordii,
640 583 695 640 per
708 572 830 622 mutuam
845 565 1000 634 caritatem,

82 645 118 696 et
130 639 253 698 invicem
267 657 298 696 re
312 641 507 712 anteponendo
519 635 544 710 ;‘
550 642 603 698 nisi
617 642 692 716 qnod
703 643 731 698 in
742 643 816 698 boni
826 659 915 698 uxore
924 643 1001 701 tante

77 717 179 792 major
192 718 262 786 laus,
277 719 382 792 quanto
397 718 424 774 in
439 717 511 774 mali
522 719 585 792 plus
598 720 691 794 culpae
698 726 750 775 est.
774 719 841 774 Sors
851 727 1000 794 questum

81 793 262 868 provinciam
275 795 379 862 Asiam,
393 796 592 868 proconsulem
610 796 733 852 Salvium
747 795 890 852 Titianum
901 795 979 852 dedit
992 817 1000 868 ;
1040 807 1044 816 ⁴

82 883 208 944 quorum
220 877 322 928 neutro
336 879 488 947 corruptus
498 880 541 928 est
554 893 561 928 ι
584 891 752 947 quemquam
766 880 796 929 et
805 873 950 946 provincia
959 873 1000 929 di-

81 964 149 1014 ves,
160 967 192 1004 ec
203 956 300 1022 parata
307 949 537 1023 peccantibus,et
548 949 710 1023 proconsul,
722 951 749 1005 in
763 967 875 1006 omnem
886 949 1001 1006 avidita-

24 1077 25 1080 ,
81 1029 144 1082 tem
159 1043 275 1098 pronus,
287 1025 462 1100 quantilibet
475 1024 607 1082 facilitate
618 1026 816 1100 redempturus
827 1035 903 1084 esset
911 1035 1000 1084 mutu·

80 1119 129 1158 ern
144 1102 391 1160 dissimulationem
405 1103 479 1158 mali.
520 1105 626 1159 Auctus
638 1103 727 1158 estibi
741 1101 798 1158 filia
809 1104 837 1159 in
848 1105 1002 1160 subsidium

81 1179 168 1236 simul
180 1187 208 1236 et
218 1180 365 1236 solatium:
389 1199 451 1236 nam
460 1179 559 1246 lilium,
570 1180 633 1236 anti
646 1180 796 1246 sublatum,
807 1181 890 1236 brevi
900 1181 999 1238 mulsit.

82 1253 167 1322 Mox,
182 1257 257 1312 inter
277 1265 458 1332 questurum,
473 1275 505 1313 ac
518 1256 689 1314 tribunatum
703 1255 805 1330 plebis,
820 1264 902 1330 atque
917 1257 1002 1337 etiam

82 1333 179 1406 ipsum
193 1333 346 1391 tribunatus
365 1353 476 1401 annum,
491 1336 586 1408 quiete
600 1342 629 1390 et
642 1334 699 1390 otio
713 1333 820 1400 transit,
834 1351 935 1406 gnarus
949 1335 1002 1396 sub·

82 1401 204 1467 Ner'one
218 1419 388 1486 temporum,
403 1413 503 1486 quibus
517 1411 617 1468 inertia
630 1429 683 1485 pro
694 1410 830 1484 sapientie
839 1409 900 1467 fuit.
924 1409 1001 1468 ldem

81 1497 220 1564 praeturae
234 1495 327 1556 tenor,
341 1500 369 1544 et
389 1489 550 1546 sil»-·nnum:
572 1507 626 1545 nec
646 1488 720 1544 enim
736 1488 895 1562 jurisdictio
913 1489 1001 1546 obve-

78 1573 175 1622 nerat.
224 1565 328 1633 Ludos,
350 1575 382 1623 et
406 1567 496 1622 inania
519 1566 645 1635 honoris,
667 1566 749 1622 modo
775 1565 890 1622 rationis
917 1573 1001 1638 atque

80 1643 261 1700 abundantiae
285 1645 374 1712 duxit,
389 1648 430 1701 uti
444 1645 556 1718 longia
576 1645 697 1710 luxurii,
711 1645 750 1700 ita
770 1643 851 1700 fame
872 1642 998 1718 propior.

82 1719 171 1789 Tium,
184 1722 292 1777 electus
306 1722 322 1776 ὲ
335 1721 426 1778 Galbai
439 1723 473 1778 ad
486 1723 557 1778 dona
574 1723 742 1796 templorum
764 1721 999 1794 recognoscenda,

78 1798 293 1872 diligentissimi
307 1800 512 1874 conquisitione
526 1798 602 1865 fecit,
614 1817 650 1855 ne
663 1800 744 1875 cujus
758 1800 872 1855 alterius
885 1798 999 1854 sacrile-

26 1907 29 1928 ι
77 1876 157 1952 mum
172 1877 342 1953 respublica,
357 1879 440 1953 quim
454 1876 588 1944 Neronis,
602 1877 745 1934 sensisset.

121 1953 189 2010 Vll.
224 1956 352 2030 Sequens
367 1974 453 2012 annus
467 1953 545 2027 gravi
559 1954 681 2010 vulnere
694 1955 815 2010 animum
828 1953 1000 2030 domumque

77 2032 145 2108 ejus
160 2031 286 2099 adflixit3
308 2052 370 2090 nam
394 2033 491 2090 classis
511 2031 682 2100 Othoniana,
696 2032 817 2089 licenter
837 2048 916 2104 vaga,
934 2029 1001 2088 dum

77 2106 246 2162 lntemelios
261 2106 399 2185 (Liguria
410 2127 474 2183 pars
489 2111 546 2187 est)
562 2109 702 2168 hostiliter
712 2109 1004 2188 populationem
1082 2143 1088 2152 ·

78 2182 224 2255 Agricola
247 2183 275 2239 in
300 2187 414 2259 praediis
435 2187 492 2244 suis
513 2186 675 2246 interfecit:
698 2192 862 2268 praediaque
885 2194 957 2270 ipsu,
971 2208 1000 2256 et

76 2275 207 2333 magnam
220 2263 380 2336 patrimonii
395 2273 516 2339 partem,
529 2266 655 2341 diripuit,
670 2287 733 2344 qum
747 2289 831 2328 cansa
843 2273 929 2330 cedis
938 2273 998 2334 fue·

76 2345 134 2396 rat.
178 2338 267 2412 lgitur
278 2340 314 2396 ad
325 2342 472 2398 sollemnia
485 2344 596 2417 pietatis
611 2346 756 2420 profectus
769 2347 912 2424 Agricola,
928 2373 998 2412 nun·

75 2416 118 2474 tio
134 2415 255 2474 affectati
269 2419 286 2472 ὲ
299 2417 472 2493 Vespasiano
492 2421 605 2496 imperii
625 2423 833 2500 deprehensus
854 2449 886 2486 ac
906 2433 998 2490 statim

74 2493 105 2553 in
121 2499 218 2568 partes
238 2501 426 2570 transgressus
450 2506 502 2554 est.
545 2500 626 2556 Initia
645 2503 827 2578 principaris,
843 2523 876 2562 ac
895 2515 997 2566 statum

41 2599 43 2603 ·
72 2571 158 2630 urbis
178 2570 326 2630 Mucianus
350 2576 477 2648 regebat,
492 2577 638 2632 admodum
652 2579 763 2653 jurene
784 2581 953 2654 Domitiano,
968 2593 996 2642 et

27 2693 28 2696 ,
72 2665 114 2706 ex
129 2651 246 2722 paterni
264 2649 375 2708 fortuni
395 2653 499 2710 tantum
518 2653 660 2710 licentiam
684 2665 847 2731 usurpante.
889 2659 916 2715 ls
930 2662 994 2719 mis·

27 2771 28 2776 ,
70 2743 139 2785 sum
153 2725 187 2782 ad
200 2725 327 2785 desectus
342 2731 463 2802 agendos
477 2731 646 2804 Agricolam,
660 2733 824 2809 integreque
835 2751 867 2792 ac
880 2741 994 2796 strenue

71 2810 232 2871 versatum,
247 2805 388 2864 vicesima
403 2808 504 2881 legioni
525 2809 604 2865 tarde
625 2810 658 2865 sd
679 2819 885 2870 sacramentum
904 2821 992 2874 trans*

70 2897 182 2955 gressae
196 2882 363 2955 praeposuit,
376 2884 425 2940 ubi
445 2885 580 2944 decessor
599 2888 730 2945 seditiose
754 2890 839 2963 ligere
861 2894 992 2950 narraba-

70 2964 142 3017 tur:
166 2957 272 3032 quippe
293 2960 390 3034 legatis
411 2980 525 3037 quoque
545 2967 739 3032 consularibus
753 2967 838 3024 nimia
851 2987 883 3025 ac
896 2967 992 3028 sormi-

69 3033 173 3094 dolosa
186 3043 258 3092 erat.
298 3035 362 3095 Nec
384 3039 491 3112 lagatus
515 3043 665 3114 praetorius
689 3044 723 3100 ad
738 3045 928 3102 cohibendum
941 3064 991 3121 po-

70 3117 148 3180 tens,
163 3111 302 3170 incertum
312 3133 363 3171 suo
378 3135 411 3171 an
423 3118 541 3174 militum
551 3119 662 3193 ingenio
677 3143 683 3178 :
705 3121 744 3179 ita
754 3141 903 3181 successor
909 3123 992 3188 simul

70 3195 103 3248 et
114 3188 193 3246 ultor
205 3189 314 3248 electus
328 3193 470 3251 rarissimi
483 3196 676 3256 moderatione
684 3199 780 3256 maluit
789 3199 881 3258 rideri
891 3201 989 3260 inven-

68 3264 128 3327 isse
141 3266 242 3334 bcnos,
257 3269 341 3342 quim
355 3269 467 3328 fecisse.

111 3339 193 3398 Vlll.
238 3345 366 3404 Praerat
378 3354 444 3404 tnnc
458 3349 610 3408 Britannia
631 3351 742 3411 Vettius
755 3354 889 3424 Bolanus,
903 3359 989 3432 placi·

68 3419 142 3488 diris,
156 3421 242 3508 quim
255 3421 345 3480 feroci
359 3425 507 3499 provincii
519 3429 632 3502 dignum
643 3437 686 3487 est
699 3454 705 3488 :
728 3434 898 3509 temperavit
908 3435 988 3510 Agri-

68 3497 133 3555 cola
145 3511 204 3554 vtm
224 3516 313 3568 suam,
327 3500 515 3576 ardoremque
535 3507 720 3579 compescuit,
734 3527 771 3566 ne
791 3511 986 3587 incresceret3

40 3592 44 3607 ·
64 3573 179 3658 peritus
193 3575 323 3654 obsequi,
337 3576 520 3656 eruditusque
531 3580 610 3637 utilia
619 3583 746 3640 hnuesfis
757 3587 897 3650 miscere..
907 3589 988 3648 uns,
