2252 3958
76 342 221 399 acm..
304 339 459 399 meros.
478 341 551 398 Lm
570 343 723 401 remus.
941 343 979 408 IS
1008 299 1014 312 =

78 489 163 549 unis:
191 487 343 564 rapuerant
365 491 513 566 poeuuiam
535 491 647 550 mIssam
668 491 698 550 in
723 491 894 569 stipendium
915 513 975 554 oss·

79 567 154 635 tolli,
169 567 244 642 quod
257 567 324 625 oIIm
337 566 465 626 Helvetii
478 569 535 626 suis
551 569 685 627 militibus
699 569 731 628 ac
744 569 899 646 stupendus
912 581 973 630 tue·

26 648 28 652 ’
78 643 204 701 bantur:
226 663 302 720 egre
312 644 341 701 id
352 647 425 721 passi
434 645 571 714 Helvetii,
586 647 751 724 interceptis
759 648 901 724 epistolis,
911 667 975 725 que

79 722 195 779 nomine
208 721 370 780 Germanici
384 724 525 784 exercitus
539 723 575 780 ad
585 724 757 783 Pannonicas
764 726 891 800 legiones
899 725 975 785 fers-

81 795 193 868 tantur,
214 800 409 858 centurionem
429 809 458 858 et
470 801 604 878 quosdam
617 803 736 860 militum
749 803 777 860 in
790 803 915 862 custode
929 822 974 862 re·

78 875 215 934 tinebant.
257 877 383 946 Caecina,
396 879 465 935 belli
479 879 586 947 avidus,
601 879 757 954 proximam
787 899 905 958 numque
914 881 974 940 oul-

78 971 158 1028 pam,
180 961 328 1030 antequam
348 955 510 1028 paeniteret,
531 957 620 1014 ultum
642 957 709 1016 ibat.
782 965 828 1015 ota
850 960 975 1034 propere

78 1038 196 1088 castra:
222 1031 323 1087 vanati
347 1031 426 1102 agri:
455 1025 592 1106 direptus,
613 1034 695 1107 longi
717 1053 787 1109 pace
813 1035 840 1092 in
864 1037 975 1094 modum

77 1107 231 1182 municipii
252 1113 422 1174 exstructus,
439 1108 530 1175 Iocus,
554 1127 663 1166 amoeno
676 1111 828 1168 salubrium
842 1129 974 1187 aquarum

77 1204 137 1241 usu
156 1183 312 1259 frequens:
335 1184 411 1240 missi
425 1184 459 1240 ad
473 1183 581 1242 Rauca
601 1185 704 1242 auxilia
716 1188 814 1254 nuntii,
828 1199 858 1244 ut
877 1207 974 1248 venus
1036 1253 1041 1261 ,

39 1261 55 1274 ”
77 1261 109 1319 in
123 1262 267 1334 legionem
281 1261 430 1318 Helvetios
444 1279 460 1317 a
473 1267 553 1334 tergo
566 1261 796 1334 adgrederentur.
874 1305 881 1318 .

121 1337 256 1394 LXVIII.
301 1339 354 1406 IIII,
370 1345 434 1394 ante
447 1339 597 1396 discrImen
612 1337 735 1407 feroces,
749 1338 777 1395 in
790 1340 918 1414 periculo
929 1359 975 1414 pa-

80 1416 152 1485 vidi,
163 1435 329 1492 quamquam
339 1417 431 1490 primo
441 1417 561 1472 tumultu
572 1415 720 1472 Claudium
729 1415 867 1474 Severum
876 1417 977 1476 ducem

80 1494 220 1567 legerant,
244 1512 299 1551 non
314 1513 390 1550 arma
404 1510 534 1562 noscere,
553 1511 609 1550 non
631 1493 743 1550 ortIInes
764 1495 856 1570 sequ,
878 1513 934 1552 non
946 1495 976 1554 in

81 1589 170 1628 unum
188 1572 356 1630 consulere:
381 1571 529 1628 exitiosum
553 1570 687 1628 adversus
712 1571 875 1630 veteranosl
898 1590 974 1648 proe·

81 1649 163 1717 lium,
186 1649 275 1707 intuta
292 1649 410 1715 obsidio,
435 1649 547 1723 dilapsis
570 1655 709 1706 vetustate
730 1649 886 1706 inoenibus:
910 1651 974 1709 hino

83 1717 200 1778 Caecina
216 1743 280 1778 cum
299 1726 394 1777 valido
417 1726 555 1789 exereitus,
578 1725 644 1778 inde
666 1721 781 1780 uenus
806 1727 858 1784 alm
872 1728 974 1790 cohor.

11 1807 13 1838 =
82 1805 195 1874 terque,
223 1807 252 1856 et
272 1800 398 1873 Ipsorum
412 1797 557 1857 Ratorum
565 1799 711 1874 juventus,
735 1809 814 1857 sueta
828 1800 922 1868 armis,
946 1807 976 1859 st

82 1893 165 1934 more
182 1877 294 1954 'militiae¹
318 1877 460 1935 exercita:
493 1877 616 1952 undique
639 1877 788 1952 populatio
806 1885 835 1934 et
856 1877 972 1936 cedes:

83 1953 139 2029 ipsi
151 1955 180 2011 in
193 1953 286 2011 medio
300 1955 373 2028 vagi,
387 1953 503 2029 abjectis
516 1954 614 2020 armis,
629 1971 727 2026 magrsa
740 1973 805 2027 pars
818 1955 915 2022 saucii,
930 1961 976 2012 sut

83 2033 210 2106 palantes
233 2031 261 2086 in
281 2040 406 2088 montem
424 2026 591 2090 vocetiunu
613 2029 777 2104 perfugere.
818 2031 860 2092 Ae
873 2031 973 2100 statim,

80 2109 204 2166 Immissd
225 2109 343 2165 cohorte
367 2107 524 2174 Thracum,
547 2106 669 2180 depuIsI‚
689 2113 728 2174 et,
750 2105 974 2166 consectantibus

83 2186 232 2243 Germanis
257 2183 414 2258 Raetisque,
441 2201 495 2258 per
514 2183 599 2238 silvas
619 2191 702 2258 atque
722 2183 751 2240 in
771 2182 840 2258 ipsIs
861 2182 976 2242 latebris

82 2262 222 2322 trucidati,
265 2262 355 2319 Multa
375 2261 518 2318 hominum
538 2259 624 2316 r'uilIia
644 2277 729 2328 ceso,
752 2261 836 2318 multa
854 2262 907 2320 sub
926 2279 976 2320 cu-

82 2341 152 2398 roni
160 2337 334 2396 venumdata.
377 2338 516 2414 Cumque,
525 2337 624 2394 dirutis
633 2335 786 2405 omnibus?
796 2337 976 2408 Aventicum,

81 2417 172 2492 gentis
186 2424 280 2492 caput,
290 2417 368 2491 justo
383 2417 492 2492 agmine
506 2421 664 2490 peteretur,
685 2415 761 2472 mIssi
775 2415 823 2488 qui
836 2411 975 2473 dederent

82 2495 235 2564 civitatem,
250 2505 278 2553 et
291 2495 396 2554 deditio
406 2499 530 2567 accepta.
573 2494 604 2548 In
615 2491 721 2549 Julium
733 2491 863 2564 Alpinum
872 2508 888 2547 e
896 2492 975 2565 prin-

81 2572 203 2648 cipibus,
217 2578 248 2643 ut
260 2571 434 2627 concitorem
447 2570 527 2634 belli,
540 2567 656 2637 Cercina
664 2567 876 2624 animadvertit:
897 2575 973 2624 cete-

79 2669 130 2710 tos
143 2649 249 2714 veniae,
264 2646 311 2700 vel
325 2646 441 2704 sevitiae
454 2642 563 2704 vitenti
578 2643 701 2716 reliquit.
929 2693 932 2698 .

121 2721 228 2780 LXIX.
270 2720 353 2775 Haud
366 2719 447 2774 facile
460 2716 537 2772 dictu
551 2723 605 2783 cst,
617 2716 700 2788 legati
715 2715 913 2772 Helvetiorum
925 2717 975 2774 mi·

78 2806 135 2864 mle
149 2797 328 2875 placabilem.
372 2795 587 2869 Imperatorem,
609 2809 643 2847 an
666 2791 782 2848 militem
795 2791 975 2854 invenerint:

80 2891 91 2918 ⁴
105 2877 229 2938 civitatis
243 2873 394 2935 excidium'
409 2877 530 2948 poscunt
538 2892 546 2942 3
568 2871 623 2928 tela
637 2889 669 2926 ac
682 2887 778 2928 manus
792 2869 820 2926 in
834 2887 883 2931 ota
902 2871 976 2944 lega-

82 2967 178 3020 torum
199 2955 346 3012 intentant.
373 2949 434 3008 ¹Ne
449 2947 580 3007 Vitellius
595 2947 708 3027 quidem
728 2947 810 3006 minis
827 2966 860 3008 ac
880 2950 976 3010 verbis

123 3104 135 3154 1
155 3095 288 3162 Aduersus
299 3100 452 3152 uetuauos..
482 3091 541 3146 Eos
553 3093 686 3162 intellige,
697 3108 754 3146 non
766 3094 813 3160 qui
825 3092 975 3161 stipendio-

84 3185 149 3226 rum
165 3179 285 3234 tempus¹
297 3165 488 3226 absolvissent,
509 3163 558 3214 sed
579 3163 626 3230 qui
644 3175 750 3216 votes-as
761 3173 855 3214 essent
867 3159 976 3228 milites,

88 3239 124 3292 ed
137 3235 321 3296 differentium
334 3235 472 3286 tironum:
491 3231 604 3310 sicelibi
613 3229 736 3300 legion'es
749 3229 870 3298 appellet
878 3232 975 3282 oduu-

87 3307 610 3372 nuqetsaepeueteruuumexerortum.
915 3307 920 3314 ’

123 3373 190 3427 uro
201 3376 312 3426 montem
329 3370 469 3424 Vocetium.
505 3368 551 3424 Sic
564 3378 646 3421 vocat
678 3365 852 3419 artemJurae
865 3363 977 3423 montis
1022 3423 1025 3429 ,

123 3443 284 3512 tuomque,
297 3439 395 3498 dirutis
407 3437 537 3492 nuntios.
575 3435 619 3491 Ite
636 3383 711 3489 FIor.
724 3435 839 3504 Regius,
851 3446 879 3488 et
891 3435 975 3489 editio
1006 3457 1012 3465 ·

89 3513 185 3593 primo,
202 3521 231 3566 et
248 3511 355 3591 recepit
371 3507 519 3567 Ernesttu.
555 3506 633 3574 Edlti
643 3505 728 3578 vulgo
739 3502 857 3586 diruptio
872 3503 919 3564 ret
934 3502 981 3588 dte

168 3619 175 3647 I

82 3585 168 3694 ¹rau
