2252 3958
125 263 164 338 tt
257 265 260 268 ·
305 241 310 245 ’
412 266 447 324 c.
465 265 579 326 conr.
597 263 732 325 rscrrr
778 303 783 327 .,
836 265 1020 361 sesses.
1105 341 1114 362 „

124 413 242 488 'ginena
267 413 412 490 quemdem
437 403 578 472 exercitus
605 415 707 472 babet:
737 417 850 470 senatus
870 412 1019 470 nobiscum

149 497 201 550 est.
243 490 289 548 Sic
302 489 343 558 tit,
354 499 385 549 ut
395 492 461 549 hin'c
475 491 647 566 respublica,
660 489 725 546 inde
739 489 835 546 hostes
850 489 1018 565 reipublicae

126 568 333 626 ‘constiterint
380 569 476 638 Quid?
496 587 547 626 vos
572 567 794 644 pulcherrimam
812 567 885 624 hanc
903 569 1016 634 urbem,
1113 623 1114 628 χ

126 652 134 680 c
148 644 275 701 domibus
289 651 318 702 et
334 646 427 713 tectis,
441 652 470 702 et
483 653 616 720 congestu
630 644 764 718 lapidum,
787 649 864 700 stare
877 643 1018 701 creditis?
1113 685 1114 688 η

126 720 232 778 ‘Muta'
252 719 303 778 iste
325 728 355 778 et
379 723 500 778 inanima
524 720 706 789 intercidere,
737 738 768 777 ac
795 721 925 795 reparari
949 737 1018 796 pro-

125 806 134 831 ⁰
148 799 254 864 miscus
267 804 350 860 sunt:
373 799 514 856 aeternitas
527 815 635 864 rerum,
649 804 678 854 et
694 815 750 872 pax
762 799 898 870 gentium,
906 805 943 854 ..et
955 815 1019 854 mea

125 883 133 908 ¹
148 892 213 932 cum
226 875 320 930 vestri
333 875 418 941 salus,
432 874 621 932 incolumitate
634 874 743 930 senates
754 874 890 932 firmatur.
928 867 1018 930 ‘Hdnc

124 959 133 984 ²
149 950 322 1024 auspicatos
342 957 459 1026 parente
481 955 511 1008 et
528 948 672 1009 conditore
692 950 771 1006 urbis
791 951 1018 1010 nostraeinstitu·

125 1033 217 1095 ‘tum,
230 1034 267 1084 iet
287 1047 303 1083 a
323 1028 435 1102 regibus
456 1047 546 1104 usque
567 1027 602 1084 ad
622 1026 769 1102 Principes
792 1028 965 1096 continuum,
989 1037 1018 1086 et

109 1103 345 1181 &immortalem
365 1105 437 1162 siout
453 1104 634 1186 amajoribus
648 1105 817 1178 accepimus,
841 1105 882 1161 sic
895 1107 1017 1180 posteris

125 1188 133 1215 ⁶
150 1181 299 1239 tradamus.
341 1181 414 1238 N‘ern
427 1190 458 1240 ut
471 1201 508 1240 ex
518 1183 598 1255 vobis
611 1190 766 1254 senatores,
779 1181 820 1248 ,lta
833 1197 870 1239 ex
880 1183 1019 1256 senatori·
1104 1195 1107 1206 ·

125 1266 133 1292 ‘
148 1259 200 1316 bus
215 1258 362 1336 Principes
376 1261 547 1320 nascuntur!

163 1335 309 1394 LXXXV.
335 1389 338 1394 ,
351 1337 393 1394 Ea
406 1338 494 1394 oratio
509 1338 542 1394 ad
556 1337 784 1412 perstringendos
797 1339 1019 1419 mulcendosque

39 1458 42 1467 .
124 1413 241 1473 militum
264 1415 379 1482 animos,
406 1422 436 1471 et
457 1415 616 1472 severitatis
639 1415 737 1472 modus
762 1417 869 1494 (neque
891 1417 1019 1475 enimin

124 1485 233 1563 plures,
248 1481 331 1564 quim
343 1491 372 1546 in
382 1491 452 1548 duos
463 1492 644 1550 animadverti
654 1491 790 1570 jusserat)
805 1495 881 1568 grate
892 1501 1018 1570 accepta,

124 1567 329 1641 compositique
356 1565 390 1636 ad
410 1581 547 1642 presens,
575 1569 622 1642 qui
646 1571 776 1643 coerceri
799 1589 855 1628 non
878 1577 1018 1646 poterent.

126 1641 192 1702 Non
205 1650 297 1700 tamen
316 1643 395 1718 quies
415 1646 494 1702 urbis
514 1646 656 1704 redierat:
679 1645 813 1723 strepitus
834 1650 968 1718 telorum,
991 1657 1022 1710 et-

125 1715 211 1776 facies
231 1720 300 1776 belli
320 1721 413 1778 erat:1
435 1723 578 1793 militibus,
602 1729 634 1782 ut
654 1725 724 1782 nihil
743 1727 772 1782 in
792 1745 940 1784 commune
959 1735 1019 1784 tur-

124 1797 264 1864 bantibus,
286 1798 323 1856 itu
334 1800 443 1874 ‚sparsis
453 1817 510 1876 per
530 1802 639 1877 domos,
661 1805 771 1860 occulto
793 1803 901 1872 habitu,
918 1811 948 1864 et
958 1824 1019 1868 ma-

125 1867 199 1946 ligni
212 1876 281 1932 curi
295 1876 323 1934 in
336 1895 444 1948 omnes,
459 1898 529 1953 quos
542 1879 743 1948 nobilitasaut
761 1899 844 1956 opes„
862 1887 909 1938 aut
927 1883 1020 1958 aliqua
1109 1881 1110 1886 '

125 1950 390 2025 insignisclsr‘itudo
403 1949 562 2014 rumoribus
579 1957 732 2035 objecerat.
773 1955 939 2028 Vitellianos
950 1957 1019 2036 quo·

126 2047 182 2103 que
192 2029 294 2090 milites
308 2034 420 2092 venisse
431 2035 459 2090 in
472 2036 582 2102 urbem,
597 2035 631 2090 ad
645 2036 735 2092 studia
748 2037 869 2111 partium
879 2038 1020 2096 noscenda

124 2106 256 2182 plerique
270 2110 434 2168 credebant.
476 2111 559 2169 Unde
572 2113 657 2187 plena
670 2114 765 2184 omnia
775 2113 981 2188 suspicionum,
991 2124 1021 2172 et
1108 2156 1109 2160 ,

125 2183 175 2240 vix
187 2193 300 2260 secreta
312 2188 444 2246 domuum
457 2188 517 2260 sine
536 2189 701 2247 formidine:
724 2191 948 2266 sedplurimu'm
961 2201 1019 2252 tre-
1039 2247 1042 2252 ff

126 2259 274 2335 pidetionis
287 2263 316 2320 in
332 2267 456 2336 publico.
498 2265 537 2323 Ut
553 2286 697 2342 quemque
718 2269 844 2336 nuntium
861 2267 937 2327 sama
949 2279 1019 2328 attu-

126 2337 215 2404 lissei,
230 2339 351 2394 animum
364 2331 528 2415 vuitumque
542 2345 706 2414 conversis
719 2364 755 2402 ne
769 2345 897 2406 diffidere
917 2349 1018 2418 dubiis,

127 2433 159 2502 uc
178 2433 278 2500 parum
297 2415 420 2488 gaudere
442 2421 585 2492 prosperis
607 2422 791 2480 uiderentur.¹
820 2423 931 2484 Coacto
945 2430 1018 2486 vero
1109 2449 1110 2486 t

127 2511 156 2550 m
169 2510 275 2549 curram
287 2499 397 2562 senatu,
410 2495 512 2552 arduus
526 2509 626 2554 rerum¹
635 2501 758 2556 omnium
769 2501 883 2570 modus,
897 2523 934 2560 ne
952 2523 1020 2562 con·

126 2576 222 2627 tumax
231 2570 383 2639 silentium,
397 2591 433 2630 ne
441 2581 574 2652 suspecta
579 2576 706 2644 libertas.
742 2577 784 2634 'Et
793 2578 903 2652 privato
914 2579 1019 2640 Othoni
1107 2585 1110 2644 l

126 2665 228 2724 nuper,
243 2655 326 2724 etque
341 2649 439 2706 eadem
458 2651 575 2721 dicenti,
593 2661 660 2710 nota
681 2654 813 2726 adulatio,
854 2657 941 2730 [gitur
955 2678 1022 2736 ver-

126 2742 189 2784 sare
203 2726 364 2794 sententias,
387 2736 418 2786 et
435 2729 490 2786 huc
504 2737 587 2806 atque
601 2730 669 2788 illuc
682 2738 830 2808 torquere,
845 2743 851 2768 ‘
868 2734 979 2794 hostem
992 2745 1022 2794 et
1109 2783 1111 2810 ,

127 2804 328 2877 ‘parricidam'
345 2804 491 2862 Vitellium
501 2815 644 2866 vocantes.
667 2809 932 2869 Providentissimus
944 2816 1018 2890 quis-

128 2897 193 2953 que,
212 2881 373 2954 vulgaribus
386 2883 541 2954 conviciis;
563 2885 685 2958 quidam,
704 2905 774 2944 uera
793 2890 899 2966 probra
907 2889 1018 2964 jacere,

127 2956 155 3010 in
169 2957 292 3013 clamore
314 2964 416 3026 temen,
439 2967 468 3016 et
487 2960 535 3016 ubi
555 2961 684 3036 plurime
706 2982 804 3034 vocer,
829 2973 876 3024 unt
896 2969 1018 3026 tumultu

123 3033 280 3090 uerborum
293 3033 346 3090 sibi
359 3033 414 3109 ipsi
428 3035 633 3112 obstrepentes.
1109 3037 1110 3044 '

162 3215 176 3266 1
195 3195 334 3284 Strepitum
345 3212 475 3284 tetrorum,
495 3192 621 3288 olfaciet
642 3222 702 3276 belli
722 3230 795 3278 erut:
814 3189 953 3294 militibus,
974 3233 1017 3282 otc.

127 3280 245 3337 Codices
256 3303 361 3367 magno
372 3283 510 3372 coriqensu
523 3289 636 3357 hebent,
649 3295 723 3360 quod
735 3295 807 3364 sorte
820 3305 876 3352 iton
886 3315 1020 3366 spernen-

127 3352 211 3404 dum:
228 3358 354 3422 strepens
365 3357 483 3419 telorum,
495 3359 614 3436 epsacies
623 3361 701 3426 belli3
721 3368 745 3415 et
756 3363 897 3432 militibus,
909 3373 954 3420 etc.
1018 3397 1020 3403 =

161 3419 180 3469 2
196 3419 489 3492 unimomouuumqos
507 3428 632 3495 conversi,
653 3432 670 3483 i.
683 3448 707 3482 e.
720 3435 845 3487 animum
856 3430 1020 3505 uultumque

128 3486 315 3610 &theuffipque
328 3493 413 3546 alium
425 3497 582 3561 sumebant,
602 3503 633 3550 ut
650 3517 776 3572 quemque
793 3505 925 3560 nundum
937 3508 1020 3576 samo
