2254 3960
136 315 191 372 224
232 383 274 398 Ι,
386 313 445 396 [0.
464 319 576 378 CORN.
598 319 732 376 uact'rl
850 335 877 374 a.
890 335 917 376 r.
931 337 955 376 e.
968 321 1039 376 823.

83 469 86 478 ¹
142 461 241 520 ‘tibus
264 461 338 519 idem
360 479 482 519 nomen:
505 467 588 536 atque
612 459 714 534 ipsum,
735 476 902 534 quamquam
921 467 1036 517 senato·

145 539 204 598 ‘rii
226 538 341 606 ordinis,
359 538 392 596 ad
415 545 533 613 utraque
559 537 655 594 munia
678 535 831 594 sufficere.’
874 537 1034 592 Adsumun-

144 626 215 674 tnre
228 617 339 674 civitate
347 614 514 672 clarissimus
523 615 642 689 quisque
655 634 663 686 ;
684 620 713 670 et
722 613 767 669 alii
778 631 832 688 per
840 614 1031 670 ambitionem.

146 693 232 752 Simul
257 692 420 748 Dimitianus
451 690 653 766 Mucianusque
683 691 908 764 accingebantur,
929 690 1035 764 dispari

146 772 235 828 animo
251 791 257 828 ι
279 769 339 836 ille,
353 787 406 843 spe
420 788 451 826 ac
460 769 579 844 juventa
587 785 742 843 prosperus
759 789 765 823 ι
789 767 845 835 hic,
859 786 951 824 moras
964 785 1033 824 nec·

145 856 217 916 tens,
231 847 292 922 quis
306 845 469 918 flagrantem
483 846 631 913 retineret,
645 855 682 902 ne
695 842 802 901 ferocia
815 845 917 912 aetatis,
928 851 957 902 et
967 863 1034 918 pra·

145 925 188 980 vis
209 923 419 998 impulsoribus,
433 923 456 980 si
470 925 626 980 exercitum
646 922 803 990 invasisset,
816 923 879 996 paci
898 923 1034 996 belloque

144 1003 216 1070 ruald
222 1001 393 1058 consuleret.
434 1002 571 1074 Legiones
582 1000 724 1069 victrices,
738 1003 971 1066 sextaetoctara,
984 997 1035 1054 Vi-

144 1079 319 1136 tellianarur'n
338 1078 565 1146 unaetvicesima,
579 1097 595 1134 e
609 1078 708 1135 recens
721 1077 887 1151 conscriptis
900 1075 1039 1143 secunda,

145 1153 259 1213 Peninis
279 1155 475 1231 Cottianisque
495 1156 623 1230 Alpibus,
637 1172 703 1230 pars
717 1161 810 1211 monte
824 1153 923 1222 Graio,
937 1154 1034 1210 tradu·
1081 1151 1083 1156 ’

145 1241 256 1294 cuntur.
284 1235 498 1304 Quartadecirna
506 1234 615 1308 legione
626 1231 780 1299 Britannia,
794 1240 873 1289 sexta
884 1250 916 1287 ac
925 1231 1035 1288 decima

61 1331 66 1350 ¹
110 1367 117 1384 „
147 1329 184 1368 ex
203 1312 337 1388 Hispania
358 1312 465 1369 accitae.
506 1311 593 1383 Igitur
615 1310 761 1366 venientes
784 1309 925 1366 exercitiis
949 1307 1034 1377 fama,

147 1396 176 1446 et
189 1398 288 1466 suopte
302 1389 412 1464 ingenio
427 1389 459 1445 ad
480 1388 589 1444 mitiora
608 1385 772 1444 inclinantes
793 1385 949 1442 Galliarum
962 1385 1033 1442 ciri-

144 1473 227 1535 tates,
240 1467 268 1522 in
292 1466 395 1524 Remos
419 1481 595 1524 convenere..
632 1463 828 1520 Treverorum
850 1463 952 1535 legatio
974 1463 1034 1523 illic

146 1545 357 1617 opperiebatur,
371 1543 525 1600 accerrimo
546 1541 709 1598 instinctore
729 1541 797 1596 belli
816 1539 913 1596 Tullio
927 1539 1032 1596 Valen-

144 1619 212 1675 tino.
254 1621 280 1676 ls
294 1621 424 1676 meditati
445 1619 582 1686 oratione,
596 1626 705 1687 cuncta,
719 1618 822 1690 magnis
837 1616 968 1691 ¹imperiis
981 1619 1032 1673 ob·

139 1696 243 1769 jectari
268 1699 359 1766 solita,
380 1697 618 1771 contumeliasque
640 1702 668 1752 et
689 1696 819 1752 invidiam
845 1695 873 1749 in
897 1695 1034 1769 populum

145 1771 299 1830 Romanum
319 1773 434 1844 effudit3
464 1774 591 1830 turbidus
617 1773 770 1831 miscendis
789 1771 981 1842 seditionibus,
1004 1781 1034 1828 et

144 1850 287 1926 plerisque
301 1860 394 1926 gratus
408 1851 524 1909 vecordi
538 1849 673 1908 facundia.

181 1927 285 1986 LXIX.
326 1932 362 1986 At
385 1929 476 1985 Julius
498 1931 654 2003 Auspex,e
675 1927 844 2003 primoribus
865 1925 1033 1998 Remorum,

143 2014 151 2040 ‘
167 2007 223 2064 rim
238 2005 400 2075 Romanam,
409 2007 546 2081 pacisque
560 2005 643 2060 bona'
658 2007 818 2077 dissertans,
832 2011 861 2061 et
878 2005 956 2062 sumi·
970 2005 1035 2062 bel·

143 2091 151 2117 ‘
166 2085 223 2141 lum
238 2086 321 2142 etiam
334 2085 493 2156 abignavis,
507 2082 689 2138 strenuissimi
699 2083 835 2156 cujusque
846 2081 975 2154 periculo
983 2080 1032 2156 ge'·

143 2167 150 2194 ‘
165 2161 201 2230 ri,
210 2163 326 2236 jamque
336 2179 422 2236 super
432 2166 518 2234 caput
528 2159 673 2232 legiones,’
688 2159 921 2233 sapientissimum
933 2177 1032 2234 quem-

143 2257 198 2310 que
212 2239 376 2294 reverentin
390 2237 513 2312 fideque,
522 2237 651 2310 juniores
665 2236 792 2310 periculo
807 2255 840 2295 ac
853 2243 929 2292 metu
943 2236 1032 2292 conti-

142 2314 213 2368 nuit,
252 2313 288 2368 Et
304 2313 443 2370 Valentini
458 2315 578 2369 animum
598 2315 755 2381 laudabant,
769 2314 916 2372 consilium
928 2314 1031 2388 Auspi-

142 2389 181 2444 cis
205 2390 403 2462 sequebantur.
445 2389 562 2447 Constat
585 2391 724 2448 obstitisse
746 2390 886 2448 Treveris
900 2391 1031 2464 Lingoni-

141 2465 249 2540 busque
273 2465 345 2540 apud
363 2462 478 2542 Galliae,
502 2467 589 2543 quod,
610 2465 736 2527 Vindicis
757 2476 844 2536 motu,
865 2487 930 2524 cum
956 2465 1030 2524 Ver-

140 2541 214 2617 ginio
247 2549 392 2600 steterant.
455 2543 601 2602 Deterruit
633 2547 787 2621 plerosque
819 2536 1031 2620 provinciarum

141 2621 299 2680 aemulatio:
322 2631 330 2654 ‘
346 2621 421 2696 quod
439 2623 516 2678 bello
537 2623 643 2697 caput?
664 2624 738 2680 unde
753 2624 801 2698 jus
816 2622 1031 2710 auspiciumque

140 2707 147 2731 ⁶
164 2698 337 2774 peteretur?
357 2718 449 2774 quam,
470 2700 493 2756 si
512 2707 612 2757 cuncta
631 2701 838 2774 provenissent,
861 2699 959 2756 sedem
977 2719 1031 2756 rm·

141 2778 245 2850 ‘perio
270 2777 400 2850 legerent
413 2777 433 2835 l’
487 2777 619 2834 Nondum
644 2776 776 2846 victoria,
800 2779 859 2852 jam
891 2777 1032 2834 discordia

140 2862 222 2911 erat:
246 2855 305 2912 aliis
328 2853 447 2923 loedern,
468 2854 631 2929 quibusdam
656 2872 726 2928 opes
749 2858 900 2933 viresque,
910 2861 956 2910 aut
977 2872 1030 2912 ve·

139 2937 268 2990 tustatum
296 2931 419 3003 originis,
440 2950 494 3006 per
511 2931 605 3005 jurgia
621 2931 817 3005 jactantibusl
859 2930 963 2987 Toedio
983 2930 1029 2988 su·

117 3055 120 3064 ,
139 3014 277 3076 turorum,
292 3010 441 3086 praesentia
459 3009 603 3082 placuere.
646 3009 812 3066 Scribuntur
832 3009 866 3066 ad
880 3008 1032 3066 Treveros

117 3086 278 3161 epistolae,
308 3085 419 3142 nomine
452 3085 619 3155 Galliarum,
641 3092 695 3142 ‘ut
728 3085 900 3142 abstinerent
933 3085 1033 3154 armis,

140 3171 151 3196 ⁸
163 3160 333 3238 impetrabili
346 3163 438 3230 venia,
452 3169 481 3220 et
493 3162 598 3235 paratis
614 3162 857 3236 deprecatoribus,
870 3162 895 3218 si
905 3162 1029 3236 poenite·

140 3242 228 3301 ‘ret’
269 3239 382 3298 Restitit
403 3240 478 3297 idem
500 3237 665 3298 Valentinus
690 3240 885 3314 obstruxitque
908 3239 1033 3298 civitatis

170 3389 541 3473 lPerp'qrgr'ajactuntslrus.
576 3397 621 3452 lta
631 3397 774 3450 Manutius
788 3377 888 3452 orlei.
898 3397 1031 3467 Regioet

68 3545 72 3552 ι
136 3461 860 3584 ἐϊὲῐὲἒνῗὶιῑιῆηεξίωοηόειινῇ,ἰηᾳυίὴυςπήὴὶῐμτριζν
869 3466 951 3538 jur-ia
959 3467 1026 3570 juc-⁸
1094 3559 1096 3565 ,

108 3577 111 3580 ,
321 3545 355 3594 yc
387 3537 1028 3608 usmaurtesuoeonceprogurqanctontstsn.
