2252 3958
79 367 198 430 sesa
302 369 459 434 moron.
478 377 551 434 nm
570 327 760 438 rauma'
942 381 979 444 a

78 520 215 595 imagines
225 522 342 583 Galbam
356 547 362 583 :
385 534 485 602 quarta
494 529 568 603 legio
579 531 748 607 promptius,
757 529 979 590 duoetvicesimu

80 606 254 670 cunctanter,
277 621 344 666 mox
363 621 514 674 consensu,
538 625 570 664 ac
593 625 629 664 ne
653 609 843 666 reverentiam
864 609 976 684 imperii

80 691 190 734 exuere
203 679 379 750 viderentur,
400 688 508 739 senemr
517 685 669 763 populique
683 686 815 742 Rmnooil
829 687 976 745 obliterata

74 753 142 826 jum
161 757 283 840 nomina,
310 768 485 818 sacramento
508 761 698 821 advocabant:
720 763 798 820 nullu
821 765 976 837 legatorum

79 831 295 892 tribunorumve
316 855 371 912 pru
390 838 484 894 Galba
503 840 630 911 nitente;
651 841 826 916 qmbusdam,
847 841 918 899 utin
932 849 975 900 tu·

78 909 178 980 multu,
199 913 349 970 notabilius
363 917 549 976 turbantibus.
592 917 659 978 Non
680 925 771 976 tamen
785 923 932 995 quisquam
944 919 974 976 in

77 987 194 1045 medum
214 991 369 1060 concionis,
395 999 442 1048 aut
463 996 743 1070 suggestu'locutus:
781 1015 874 1074 neque
897 997 973 1056 enim

77 1072 143 1122 arat
156 1067 259 1133 adhuc,
273 1067 320 1124 cui
332 1069 545 1144 imputaretus.²
710 1135 713 1140 Δ
954 1119 957 1126 .

96 1217 101 1228 ¹
118 1139 196 1198 LVl.
240 1143 391 1224 Spectator
404 1144 501 1219 flagitii
515 1147 694 1206 Hordeonius
705 1149 833 1220 Flaccus,
846 1154 973 1212 consula·

77 1235 119 1274 ris
134 1219 253 1292 legatus,
279 1221 386 1291 aderat,
408 1235 464 1279 non
478 1241 663 1301 compescere
685 1233 810 1294 ruentes,
831 1247 887 1286 nou
908 1232 974 1288 reti·

76 1313 155 1384 nere
164 1297 276 1366 dubios,
291 1317 347 1361 non
361 1301 505 1358 cohortari
519 1304 608 1360 bunos
622 1321 724 1372 ausus,
746 1304 797 1360 sed
809 1307 912 1379 segnis,
927 1325 974 1380 pa·

68 1373 171 1444 ardus,
193 1382 225 1432 et
240 1377 370 1434 secordis
390 1379 552 1438 innocens.³
592 1381 719 1450 Quatuor
731 1383 911 1440 centuriones
925 1383 974 1441 du·

78 1451 271 1512 uetricesimae
280 1456 409 1530 legionis,
425 1456 533 1516 Nonius
544 1457 700 1534 Receptus.
716 1459 851 1518 Donatius
860 1459 974 1532 Valens,

78 1525 218 1588 Romilius
236 1533 402 1604 Marcellus,
427 1534 599 1611 Calpurnius
623 1535 809 1614 Repentinus,
830 1540 894 1596 clun
908 1559 974 1614 pru-

77 1611 208 1695 tegerent
220 1610 320 1668 Galbae
335 1612 480 1688 imagines,
499 1614 606 1690 impetu
620 1615 739 1674 militum
753 1616 874 1692 abrepti,
894 1617 973 1676 vinc·

76 1691 167 1769 tuque.
209 1687 273 1747 Nec
294 1691 425 1766 cuiquam
446 1694 520 1750 altri
541 1693 622 1762 fides,
644 1701 691 1752 aut
714 1697 850 1752 memoria
870 1696 973 1770 prioris

77 1768 265 1829 sacramenti:
300 1770 362 1840 sed,
396 1771 474 1847 quud
495 1772 528 1829 in
542 1772 736 1833 seditionibus
763 1774 874 1842 accidit,
899 1773 973 1832 unde
1043 1783 1046 1790 ⁴

76 1851 177 1926 plures
191 1857 285 1936 eraut⁸
303 1869 400 1908 omnes
421 1848 513 1907 fuere.
556 1847 660 1918 Nocte,
685 1864 748 1924 quae
770 1844 912 1908 Kalendae
924 1851 973 1909 Ja-

76 1927 188 1986 nnarias
202 1935 299 1986 secuta
312 1921 366 1996 cst',
386 1929 415 1986 in
435 1928 573 1986 coloniam
585 1928 830 2016 Rgrippinensem
843 1927 974 2003 aquilifer

77 2005 782 2158 lllltaltrlltltlllt,villetella
795 2013 975 2154 illlata}

77 2169 86 2196 ¹
102 2161 133 2220 in
146 2163 255 2220 senatus
269 2170 299 2220 et
312 2163 411 2238 pupuli
426 2161 545 2218 Romani
558 2162 647 2217 verba
655 2159 790 2235 jurasse)
832 2157 864 2214 Id
879 2177 975 2218 sacra·

74 2245 203 2312 mentum
217 2242 298 2298 inane
313 2241 423 2297 visum:
447 2249 455 2274 ⁶
471 2239 604 2313 occupari
618 2245 761 2295 nutantem
774 2235 924 2307 fortunam,
945 2245 975 2296 et

76 2326 84 2352 ⁴
101 2310 205 2393 offerri
216 2314 389 2392 Rrin'cip'em'
404 2319 520 2392 placuit.
562 2317 641 2374 Missi
653 2336 669 2373 a
679 2315 795 2386 Vitellio
806 2315 841 2372 ad
849 2316 989 2392 legiones,

72 2397 250 2470 legatosque,
275 2397 322 2471 qui
345 2405 352 2432 ‘
368 2395 523 2459 descivisse
538 2395 654 2453 attalus
668 2395 847 2472 superiorem
861 2395 973 2454 exerci-

15 2519 29 2538 .,
73 2482 83 2508 ‘
99 2474 169 2531 tum'
184 2473 346 2532 nuntiarent
357 2484 370 2530 ε·
387 2482 394 2508 ‘
410 2475 529 2550 proinde
544 2475 761 2533 autbellandnm
775 2473 973 2533 adversssue-

72 2549 265 2620 ‘sciscentes,
288 2559 335 2611 aut
352 2552 377 2607 si
396 2553 548 2610 concordia
561 2560 590 2610 et
602 2563 658 2626 p'ax
672 2553 792 2627 placeat,
814 2549 975 2608 faciendum

73 2637 82 2664 ⁶
101 2629 328 2704 Imperatorem:
350 2635 381 2684 et
402 2629 520 2701 minore
531 2629 694 2685 discrimine
713 2628 785 2684 sumi
799 2627 974 2700 Principem,

73 2716 83 2742 ⁵
100 2708 187 2782 quim
201 2705 313 2778 quaeri)

114 2780 210 2838 LVll.
252 2778 386 2842 Proxima
409 2777 529 2850 legionis
555 2779 656 2852 primae
682 2778 803 2834 hiberna
830 2783 920 2845 erant,
945 2785 975 2835 et

71 2855 307 2938 promptissimus
319 2873 343 2914 ¹e
357 2855 455 2929 legatis
467 2855 570 2914 Fabius
584 2853 699 2912 Valens.
742 2853 769 2910 ls
789 2852 837 2912 die
857 2863 974 2930 postero

70 2937 218 2996 coloniam
239 2933 477 3017 Agrippinensem
497 2933 721 3012 cum-equitibus
745 2931 873 3006 legionis,
897 2934 974 2992 auxi-

112 3175 130 3231 l
149 3175 262 3228 Senatus
278 3173 444 3247 populique.
458 3157 465 3227 ‚¹
479 3173 783 3230 martinummontem
801 3170 973 3226 mensurant.

74 3230 169 3312 luigo
180 3245 211 3296 io
223 3249 333 3298 senatus
346 3283 353 3295 .
366 3282 373 3295 .
387 3282 393 3296 .
407 3243 518 3296 nomino
529 3247 695 3296 sacramenta
707 3241 883 3298 avocabant.
905 3239 973 3292 Cur-

72 3315 151 3372 rexit
163 3313 299 3367 Ernestus
311 3315 424 3366 exedit.
437 3315 528 3382 prima
540 3323 567 3365 et
579 3311 656 3363 favet
667 3311 743 3364 Flor.
756 3312 784 3362 in
799 3322 854 3378 quo
867 3323 974 3380 praepo-

71 3385 142 3442 sitio
153 3382 184 3436 in
196 3384 273 3436 nulla
284 3381 391 3436 uisitur.
782 3440 785 3451 ι
920 3407 926 3413 -
1061 3395 1063 3400 ·

110 3451 130 3506 2
149 3451 204 3506 Cui
214 3452 399 3523 imputaretur.
435 3451 488 3505 Cui
499 3449 670 3504 beneficium
681 3449 867 3516 imputarent,
885 3451 932 3504 cui
943 3465 973 3504 se
1068 3481 1071 3488 ι

64 3525 131 3586 hac
143 3522 252 3575 ratione
264 3523 450 3588 venditarent.
501 3527 503 3534 '

110 3592 129 3646 3
148 3591 274 3646 Socordio
296 3589 433 3644 inuocem.
481 3589 550 3642 Ideo
573 3595 655 3646 extra
674 3605 779 3644 noxam
803 3589 973 3649 rebellionis,
1024 3597 1031 3608 '

1 3733 2 3738 η
73 3661 153 3733 quud
164 3676 258 3717 susem
268 3675 356 3732 quum
368 3669 450 3728 esset,
462 3674 526 3716 enm
539 3659 654 3716 minime
666 3669 762 3732 posset
774 3657 932 3729 impedire.¹

1 3743 2 3746 ’
309 3753 312 3760 ·
969 3744 987 3774 v
