2214 3986
105 288 111 298 '
156 307 218 364 tua
445 306 477 362 c.
496 305 609 368 coen.
627 303 763 366 riom
848 321 876 358 r.
894 320 922 360 n.
941 320 969 358 e.
986 303 1051 358 sm.

157 451 275 520 Nerone
289 451 374 510 exciti
392 459 483 520 erant,
504 451 629 526 placuit:
652 453 736 525 atque
749 449 862 506 interim
875 449 1052 510 Batavorum

157 529 290 586 cohortes
303 531 358 586 una
375 529 508 596 tendere,
521 529 557 584 ob
577 534 716 584 veterem
725 527 861 583 adversus
875 526 1052 600 quartadeci-

158 622 256 670 manos
275 605 461 664 discordiam:
485 621 543 661 ⁴nec
568 603 616 660 diu
638 603 667 659 in
687 603 768 660 tantis
790 611 962 660 aneatorum
983 601 1052 658 odiis

158 681 238 758 quies
258 679 320 738 luit.
362 683 492 754 Augustas
510 681 712 747 Taurinorum,
729 679 794 736 dum
810 679 943 753 opificem
957 697 1051 753 quern-

158 757 221 814 dam
247 756 379 825 Balarus,
405 764 437 814 ut
461 757 658 822 fraudatorem,
681 756 847 823 insectatur,
871 755 1050 828 legionarias,

158 841 190 889 ut
215 832 364 906 hospitem,
388 840 493 900 tuetur,
518 833 575 903 sui,
588 833 701 906 cuique,
728 832 932 888 commilitones
955 849 1050 904 aggre-

158 908 223 980 gati,
238 927 253 974 a
272 908 407 966 conviciis
428 909 462 964 ad
483 909 591 966 caedem
605 909 760 964 transiere:
783 916 812 964 et
824 909 959 981 proeliurn
973 917 1052 964 atrox

160 983 284 1052 arsisset,
297 985 326 1040 ni
346 985 408 1042 duae
427 985 568 1059 praetoriae
589 985 732 1054 cohortes,
744 1003 857 1041 causam
872 984 1051 1064 ‘quartadeci-

159 1076 305 1117 manorum
326 1067 442 1128 secutae,
466 1061 509 1116 his
533 1061 673 1130 fiduciam,
695 1068 725 1118 et
749 1069 856 1119 metum
877 1059 992 1116 Batavis
1014 1059 1050 1116 se·

160 1135 282 1193 cissent:
304 1139 405 1212 ‘quos'
428 1137 559 1194 Vitellius
581 1138 702 1210 ‘agmini
724 1155 776 1194 suo
793 1137 894 1211 jungi,’
917 1143 949 1193 ut
962 1136 1049 1206 fidos,

161 1213 335 1286 ‘legionem
356 1213 452 1271 Graiis
464 1212 591 1288 'Alpibus
610 1213 774 1280 traductam,
799 1231 834 1270 eo
853 1213 931 1268 llexu
942 1211 1049 1268 itineris

162 1297 173 1333 ‘-
185 1289 228 1346 ire
244 1291 347 1364 jubet?
363 1301 438 1366 ‘quo
457 1289 596 1346 Viennam
616 1289 739 1346 vitarent
751 1289 770 1344 ε’
791 1307 911 1362 namque
926 1297 956 1345 et
969 1289 1054 1361 tien,

161 1383 263 1424 nenses
286 1366 465 1432 timebantur.
507 1365 611 1432 Nocte,
639 1367 693 1439 qua
713 1365 948 1440 proficiscebatur
970 1365 1050 1438 legio,

162 1443 269 1500 relictis
289 1442 390 1515 passim
413 1443 521 1515 ignibus
542 1461 607 1517 pars
628 1441 763 1498 Taurinae
777 1442 895 1500 coloniae
911 1443 1051 1498 ambusta:

163 1517 237 1591 quod
258 1517 396 1585 damnum,
417 1525 448 1574 ut
471 1520 607 1592 pleraque
627 1519 696 1574 belli
717 1520 799 1586 mala,
812 1518 969 1592 majoribus
991 1519 1050 1574 alia-

162 1611 226 1649 rum
257 1593 369 1648 urbium
401 1593 525 1650 cladibus
544 1595 746 1650 obliteratum.
774 1595 1051 1661 -Quartadecimani,

162 1674 310 1743 postquam
324 1669 445 1741 Alpibus
455 1669 581 1743 degressi
601 1677 675 1738 sunt,
696 1669 921 1737 seditiosissimus
936 1669 1051 1743 quisque

110 1761 117 1768 ’
161 1744 238 1816 signa
271 1743 409 1803 Viennam
447 1745 597 1804 serebant:
632 1763 770 1812 consensu
796 1746 947 1802 meliorum
981 1764 1050 1802 com·

162 1819 253 1895 pressi
267 1841 274 1889 3
296 1828 326 1877 et
338 1822 413 1894 legio
425 1822 457 1879 in
468 1819 638 1880 Britanniam
652 1829 819 1880 transvecta.

201 1895 319 1952 LXVII.
361 1897 511 1955 Proximus
540 1899 657 1955 Vitellio
680 1918 708 1955 e
724 1898 866 1972 praetoriis
890 1899 1051 1956 cohortibus

162 1983 251 2029 metus
276 1981 354 2030 erat:
376 1976 498 2050 separati
520 1975 651 2049 primam,
676 1975 791 2042 deinde,
814 1975 905 2030 addito
927 1976 1050 2031 honeste

162 2050 301 2108 missionis
321 2051 485 2118 lenimento,
499 2062 574 2109 arma
594 2051 627 2105 ad
644 2042 771 2110 tribunos
784 2049 849 2104 suos
862 2047 1049 2106 deferebant:

162 2125 252 2184 donec
271 2133 376 2182 motum
390 2146 414 2186 a.
425 2125 599 2200 Vespasiano
618 2127 725 2184 bellum
745 2126 966 2182 crebresceret:
988 2135 1051 2196 turn,

162 2202 305 2272 resumpta
337 2203 444 2268 militia,
470 2203 558 2259 robur
591 2202 786 2260 Flavianarum
812 2201 936 2274 partium
962 2199 1052 2257 fuere.

163 2273 257 2328 Prima
277 2276 460 2350 classicorum
485 2277 559 2349 legio
582 2279 611 2333 in
634 2278 797 2352 Hispaniam
815 2277 908 2343 missa,
932 2285 967 2334 ut
989 2295 1052 2352 pace

164 2354 193 2403 et
206 2349 262 2402 otio
283 2349 465 2406 mitesceret:
487 2353 633 2410 undecima
653 2373 685 2410 ac
706 2355 835 2428 septima,
852 2353 909 2408 suis
931 2353 1052 2409 hibernis

134 2457 138 2468 ι
163 2421 300 2480 reddltae:
335 2425 554 2483 tertiadecimani
587 2435 698 2486 struere
733 2427 938 2502 amphitheatra
963 2429 1050 2504 jussi:

163 2499 226 2558 nain
250 2498 364 2556 Carina
387 2499 550 2575 Cremonae,
564 2503 673 2564 Valens¹
690 2505 837 2570 Bononiae,
863 2507 1053 2576 spectaculum

163 2576 344 2650 gladiatorum
365 2577 453 2633 edere
476 2580 630 2652 parabants
652 2597 801 2654 numquam
822 2579 860 2634 ita
873 2579 907 2634 ad
919 2597 1004 2636 curas
1016 2579 1050 2634 in·

163 2661 241 2712 tento
254 2653 382 2722 Vitellio,
400 2661 432 2710 ut
444 2655 619 2730 voluptatum
633 2656 859 2713 oblivisceretur.

202 2729 335 2786 LXVIII.
385 2729 423 2786 Et
436 2731 558 2804 *quidem
582 2731 691 2806 partes1
712 2732 838 2790 modeste
868 2731 1051 2788 distraxerat:

165 2807 239 2882 apud
262 2807 385 2870 victores
409 2814 471 2866 orta
495 2809 607 2876 sedilio,
620 2809 729 2864 ludicro
752 2808 842 2876 initio,
857 2807 909 2863 nisi
924 2825 1052 2864 numerus

164 2883 318 2960 cesorum2
340 2883 472 2966 invidiam
494 2885 570 2943 bello
593 2885 722 2942 auxisset.
765 2883 957 2942 Discubuerat
971 2883 1053 2940 vitel

199 3033 338 3096 l‘qutes.
374 3035 506 3092 Adversas
526 3035 613 3108 pertis
634 3038 768 3106 legiones,
792 3055 852 3106 quae
873 3055 929 3106 pro
945 3037 1055 3092 Othone

165 3113 308 3161 steterant.-
724 3124 728 3130 ²

142 3201 145 3206 ·
200 3172 305 3227 andri
323 3189 448 3230 numerus
466 3192 590 3228 cesorum
602 3175 736 3230 invidiam
747 3176 809 3228 bello
823 3173 953 3228 enasset.
991 3175 1057 3227 Haeo

166 3254 208 3296 est
220 3244 302 3296 lectio
322 3243 539 3308 Rhenani‘nixa
551 3245 626 3298 Flor.
639 3245 737 3314 Regio,
751 3245 883 3306 Budensi,
899 3247 948 3310 qul
962 3259 1056 3296 ornnes

165 3312 270 3366 habent
290 3312 416 3366 uocaset.
452 3313 577 3380 Ryekius
597 3331 661 3367 oum
684 3313 919 3368 veteribus'editls
933 3313 1011 3365 dedit
1019 3313 1058 3362 la*

166 3378 237 3431 dioro
249 3379 346 3432 initio.-
364 3397 491 3434 numerus
503 3399 627 3435 cesorum
638 3381 771 3436 invidiam
783 3382 847 3434 bello
857 3381 944 3434 aurit.
983 3380 1058 3433 Sedi-

167 3445 250 3497 tionIs
261 3446 342 3510 illiue,
354 3449 429 3512 apud
440 3449 560 3500 victores
568 3452 646 3517 origo
655 3451 723 3502 levis
731 3451 783 3502 fuit
793 3461 822 3502 et
830 3451 946 3514 ludicra,
961 3464 1059 3514 nempe
1096 3499 1097 3510 ,

146 3550 151 3558 .
168 3512 290 3566 studium
308 3515 448 3566 luctandi:
467 3517 516 3566 sed
528 3533 562 3567 eo
575 3535 620 3568 rer
632 3520 722 3582 rediit,
737 3531 766 3569 ut
778 3519 913 3584 explicari
927 3518 1059 3584 nequire·
1096 3513 1097 3532 ¹

169 3573 277 3652 sitnisi
289 3579 406 3628 duarum
419 3579 575 3640 cohortium
587 3595 698 3653 strage:
717 3587 792 3642 unde
811 3596 895 3642 aucta
913 3587 983 3642 belli
995 3585 1062 3643 ciris

170 3637 204 3696 hs
215 3643 318 3695 invidis
329 3654 356 3696 et
368 3644 525 3706 detestatio,
534 3701 537 3706 .
