2254 3960
130 341 186 406 m
411 346 443 403 0.
461 342 574 401 cotta.
594 339 730 407 raum
857 359 887 397 ι.
899 341 1041 430 new,
1102 330 1109 366 '¹

169 491 236 552 Xll.
258 491 291 550 ln
304 493 397 569 pedite
407 491 511 552 robur:
533 489 660 562 quadam
670 488 798 546 nafiones
808 497 837 548 et
845 503 930 548 curru
939 493 1039 566 prati·-

132 577 231 632 autur:
254 571 397 628 honestior
409 567 513 638 auriga,
527 565 645 623 clientes
666 575 845 641 propugnant
884 570 953 626 olim
967 575 1034 644 regi·

129 648 182 708 bus
196 649 338 723 parebant,
349 663 421 702 nunc
432 661 485 719 per
498 642 641 717 principes
654 641 819 700 factionibus
833 653 863 702 et
874 647 972 703 studns
981 652 1036 704 tra.

129 723 253 785 buntur:
274 744 327 782 nec
347 721 421 778 aliud
435 720 570 781 adversis
583 721 765 780 validissimas
776 727 874 794 gentes
888 741 942 798 pro
956 726 1034 782 nubis

128 803 231 868 utilius,
250 801 332 876 quim
355 798 431 874 quod
453 799 650 858 incommune
671 817 726 854 uon
746 799 904 862 consulunt.
947 800 1035 862 Baras

127 877 232 936 duabus
253 878 380 936 tribusve
406 875 575 944 civitatibus,
599 876 633 932 ad
651 876 867 950 propulsandum
889 895 1037 938 commune

126 955 283 1028 periculum
303 960 478 1019 conventus:
501 954 547 1022 ita,
561 954 632 1016 dum-
646 952 744 1025 singuli
765 961 897 1028 puguant,
911 974 1034 1018 universa

126 1030 281 1090 vincuntur.
328 1032 441 1090 Coelum
461 1032 570 1090 crebris
583 1030 725 1088 ⁴imbribus
739 1050 770 1087 ac
784 1031 894 1088 nebulis
909 1030 1013 1090 foedum
1027 1058 1033 1092 :

116 1109 260 1184 'asperitas
271 1107 407 1184 frigorum
417 1111 504 1166 abest.
546 1109 664 1166 Dierum
673 1108 763 1182 spatia
773 1109 846 1166 ultra
858 1117 949 1166 nostri
959 1113 1036 1175 crois

126 1201 303 1246 mensuram:
326 1205 383 1248 uox
396 1189 481 1255 clara,
495 1195 524 1244 et
536 1193 663 1244 extrema
676 1185 827 1248 Britannice
837 1193 919 1260 parte
928 1189 1034 1261 brevis,

125 1271 158 1324 ut
169 1262 255 1326 finem
269 1273 352 1340 atque
365 1264 472 1322 initium
485 1265 669 1340 lucisexiguo
679 1263 839 1320 discrimine
851 1265 1033 1341 internosces.

127 1346 135 1373 ‘
150 1341 235 1410 Quod
248 1343 271 1400 si
282 1343 371 1400 nubes
382 1361 436 1400 uon
445 1341 575 1408 officiant,
587 1341 673 1416 aspici
684 1359 737 1416 per
746 1349 855 1398 noctem
864 1341 939 1398 Solis
946 1341 1035 1416 sulgo-

127 1425 134 1452 ‘
150 1437 222 1487 rem,
237 1438 289 1478 nec
304 1421 435 1478 occidere
449 1428 477 1479 et
487 1437 651 1492 exsurgere,
664 1418 714 1474 sed
727 1420 854 1475 transtre’
869 1419 1034 1482 adfirmante

125 1494 233 1555 scilicet
246 1505 374 1556 extrema
387 1505 415 1554 et
425 1498 506 1571 plana
517 1504 667 1562 terrarum,
678 1496 774 1552 humili
787 1497 894 1564 umbra,
904 1517 958 1554 non
976 1517 1034 1556 err·

124 1579 192 1644 gunt
205 1576 335 1630 tenebras
349 1573 476 1648 infraque
490 1573 591 1629 caelum
607 1579 636 1630 et
648 1573 740 1630 sidera
753 1589 808 1630 nor
822 1573 896 1631 cadit
926 1575 1031 1646 Solum,

123 1657 231 1721 practer
244 1651 334 1706 oleam
347 1651 501 1724 vitemque,
516 1658 545 1706 et
558 1657 655 1706 cetera
674 1651 852 1706 calidioribus
866 1659 951 1709 terns
964 1655 1034 1710 urrri

123 1733 211 1795 sueta,
230 1727 337 1802 patiens
360 1725 482 1802 frugum,
503 1726 676 1784 seeundum:
698 1728 775 1788 tarde
796 1729 955 1798 mitescunt,
977 1732 1035 1792 cita

122 1805 310 1876 proveniunt:
333 1805 488 1880 eademque
503 1805 648 1879 utriusque
663 1806 705 1862 rei
716 1824 807 1874 causa,
817 1807 920 1864 multus
934 1809 1035 1873 humor:

123 1886 274 1950 terrarum,
287 1883 418 1958 coelique.
461 1882 531 1940 Fert
543 1882 686 1940 Britannia
696 1901 804 1950 aurum,
813 1890 841 1940 et
852 1895 996 1957 argentum
1006 1895 1035 1944 et

124 1957 306 2029 diametron,
316 1961 438 2035 pretium
449 1961 575 2018 victoriae
588 1981 595 2030 3
616 1960 700 2034 gignit
714 1967 743 2016 et
753 1960 882 2020 Oceanus
892 1963 1033 2036 magarita,

122 2036 172 2093 sed
186 2037 317 2096 subfusca
326 2059 357 2096 ac
367 2038 491 2094 liventia.
533 2038 651 2108 Quidam
663 2046 751 2098 artem
765 2040 863 2094 abesse
876 2039 1034 2112 legeutrlus

122 2115 302 2184 arbitrantur,
316 2116 419 2173 namin
433 2118 519 2172 rubro
532 2117 601 2174 mari
611 2116 675 2179 viva
685 2134 717 2172 ac
727 2117 860 2190 spirantia
869 2116 942 2172 saxis
956 2121 1033 2175 avel-

121 2189 153 2258 li,
167 2192 194 2248 in
219 2191 371 2259 Britannia,
393 2194 476 2266 prout
498 2193 616 2267 expulsa
638 2201 702 2261 srnt,
716 2193 829 2272 colligi:
852 2212 905 2274 ego
926 2192 1034 2260 facibus

77 2333 85 2342 ,
121 2268 301 2336 crediderim,
315 2277 441 2330 naturam
460 2271 615 2344 margaritis
638 2271 724 2328 deese
746 2273 828 2346 quam
847 2271 926 2328 uobis
941 2275 1033 2332 arari*

120 2341 194 2402 tiam.

55 2465 59 2468 .
159 2418 240 2477 Xlll.
263 2421 319 2496 lpsi
330 2421 456 2482 Britanni
470 2423 622 2494 delectum,
634 2445 665 2486 ac
678 2427 792 2494 tributa,
806 2434 835 2484 et
848 2435 969 2502 injuncta
977 2429 1031 2492 im,

119 2497 194 2572 perii
207 2517 324 2556 munera
338 2501 454 2576 impigre
468 2503 584 2570 obeunt,
597 2503 621 2559 si
634 2503 744 2579 injuriae
759 2506 849 2564 absint
862 2527 870 2568 ε,
892 2506 940 2562 has
955 2509 1032 2582 agre

118 2575 250 2646 tolerant,
259 2578 318 2652 jam
330 2579 426 2636 domiti
441 2587 470 2636 ut
482 2590 609 2654 pareant,
624 2582 744 2647 nondum
759 2589 788 2640 ut
801 2583 934 2642 serviant.
976 2585 1032 2660 lgi-

95 2719 98 2725 .
118 2657 166 2709 tur
178 2655 285 2730 primus
299 2657 420 2714 omnium
435 2656 623 2716 Romanorum
634 2659 715 2716 divus
726 2659 817 2716 Julius
825 2679 889 2716 cum
901 2664 1033 2720 exercitu

118 2725 293 2789 Britanniam
313 2733 463 2808 ingressus,
478 2753 643 2810 quamquam
660 2739 799 2812 prosperat
813 2739 905 2812 pugna
918 2746 1030 2797 terrue-

118 2805 279 2879 rit-incolas,
289 2830 320 2867 ac
333 2811 416 2868 litore
427 2813 529 2887 potitus
538 2813 582 2881 sit,
592 2805 783 2946 potestiideri
798 2815 953 2878 ostendisse
963 2837 1031 2896 pos-

117 2885 197 2954 teris,
206 2905 261 2943 non
275 2889 428 2952 tradidisse.
469 2889 538 2946 Mox
549 2891 596 2954 bel
608 2910 623 2946 a
633 2890 738 2960 civilia,
747 2901 776 2950 et
786 2893 814 2947 in
825 2895 1031 2966 rempublicam

117 2977 203 3020 versa
216 2962 379 3040 Principum
392 2985 479 3034 arma,
493 2987 525 3023 ac
535 2967 615 3042 longa
625 2968 731 3030 oblivio
743 2969 894 3026 Britannias
906 2972 989 3028 etiam
1001 2973 1031 3029 in

117 3053 198 3111 poce.
241 3041 429 3108 ‘Consilium’
447 3045 474 3100 id
488 3045 568 3102 dirus
588 3048 727 3118 Augustus
748 3047 876 3114 rorabat,
891 3047 1031 3113 Tiberius

117 3121 126 3148 ‘
138 3119 336 3196 praeceptum!
376 3121 501 3194 Agitasse
512 3119 612 3181 Caium
626 3122 770 3186 Caesarem
781 3123 817 3186 de
827 3123 953 3182 intranda
962 3125 1030 3184 Bri·

115 3193 217 3260 nanta,
231 3195 297 3250 satis
311 3204 426 3265 constat,
440 3197 470 3252 ni
490 3199 576 3256 velox
588 3200 711 3274 ingenio,
725 3199 835 3266 mobilib
850 3204 1028 3276 paenitentia,

115 3269 144 3318 et
156 3266 282 3337 ingentes
296 3271 426 3329 adversus
440 3273 620 3334 Germaniam
639 3285 753 3335 conatus
774 3276 877 3341 frustra
898 3277 1028 3344 fuissent.

115 3333 205 3415 Birra
219 3339 350 3399 Claudius
364 3355 461 3404 auctor
474 3351 580 3422 operis.
594 3355 760 3425 transvectis
774 3354 931 3428 legionibus
948 3358 1029 3414 auxi-

81 3443 83 3447 ·
113 3403 225 3494 lumbe,
239 3421 267 3470 et
281 3416 424 3490 adsumpto
437 3423 467 3477 in
486 3433 595 3496 partem
615 3445 712 3486 rerum
726 3429 903 3506 Vespasiano
919 3453 927 3494 z
950 3435 1030 3510 quod

113 3481 219 3532 imaum
233 3494 359 3544 ventura
380 3511 444 3550 mox
464 3496 583 3582 sprtuaa
604 3499 679 3561 fuit:
701 3507 812 3568 demite
825 3515 937 3583 gentes,
950 3513 1029 3588 capti

24 3631 26 3639 ,
113 3555 204 3626 rege„
218 3559 424 3628 sternuentes
437 3568 500 3630 snas
514 3572 712 3654 Vespasianus,

1103 605 1109 646 l
