2254 3960
84 264 114 316 ἲ.
128 277 156 318 c.
173 251 215 317 ⁷0.
311 255 465 317 meros.
483 261 557 318 ΗΒ.
576 262 766 325 QUARTUS.
928 261 984 318 225

91 413 153 458 suas
166 415 257 469 aures,
270 399 346 457 haud
365 399 483 476 pe'rinde
497 401 659 461 instruendo
666 403 743 460 bello
753 401 885 470 intentus,
900 401 985 478 quim

88 475 226 552 frequens
239 477 428 536 concionibus.
472 514 477 521 -

130 551 221 614 Lxx.
263 553 350 626 Igitur
371 563 427 612 non
450 551 587 624 Treveri,
613 571 708 642 neque
734 553 884 628 Lingones,
906 560 981 610 cete·

89 647 171 690 raeve
191 630 340 694 rebellium
359 629 497 698 civitates,
510 648 565 706 pro
584 629 770 705 magnuudr'ne
789 629 912 704 suscepti
925 630 980 688 dis·

88 706 215 764 criminis
236 725 330 779 agere.
371 705 418 763 Ne
429 706 517 763 duces
531 706 654 782 quidem,
668 707 696 764 in
716 726 800 766 unum
820 707 979 765 consulere.

88 783 148 840 Sed
171 783 284 851 Civilis,
304 781 368 842 aria
390 782 541 858 Belgarum
563 783 747 855 circumibat3
778 784 845 842 dum
867 784 980 841 Claudi-

88 877 138 918 um
159 860 321 917 Labeonem
347 877 463 936 capere,
484 866 531 916 aut
552 860 706 917 exturbare
728 861 834 919 nititur.
875 860 980 920 Classi-

86 953 151 1006 cus,
171 955 257 1010 segne
280 938 392 1011 plerum
412 954 449 992 ue
472 935 559 994 otium
579 936 704 1004 trahens,
724 939 804 995 velut
825 947 906 1013 parto
929 940 979 996 im-

84 1015 173 1089 perio
199 1011 356 1072 fruebatur.
438 1030 454 1068 e
473 1011 567 1070 Tutor
588 1012 701 1086 quidem
722 1016 870 1073 maturavit
895 1035 978 1092 supe-

83 1092 198 1150 riorem
229 1089 389 1146 Germaniae
416 1089 516 1163 ripam,
542 1093 572 1145 et
597 1085 685 1146 ardua'
708 1089 820 1162 Alpium
842 1094 979 1165 presidiis
1056 1109 1060 1118 ·

83 1168 234 1228 claudere.
284 1168 378 1242 Atque
401 1165 514 1223 interim
541 1165 759 1228 unoetvicesima
780 1167 853 1238 legio
870 1169 978 1230 ,Vindo-

83 1245 177 1312 nissa
202 1243 334 1300 Sextilius
362 1241 444 1299 Felix
469 1261 533 1300 cum
560 1241 712 1300 auxiliariis
738 1241 900 1301 cohortibus
926 1263 980 1318 per

84 1321 222 1389 Raetiam,
243 1322 389 1394 inrupere.
440 1319 568 1378 Accessit
592 1319 634 1376 ala
655 1318 864 1391 Singularium,¹
889 1321 981 1379 excita

85 1400 158 1458 olim
183 1417 200 1454 a
223 1397 350 1466 Vitellio,
373 1397 476 1453 deinde
507 1397 537 1454 in
566 1403 661 1471 partes
694 1395 858 1471 Vespasiani
890 1403 979 1454 trans-

83 1493 194 1550 gressa.
249 1473 375 1531 Praeerat
406 1472 498 1532 Julius
528 1474 714 1546 Briganticus,
747 1492 847 1532 sorore
880 1473 980 1532 Civilis
1032 1519 1038 1534 ,

83 1553 261 1627 genitns,ut
282 1550 535 1608 fermeacerrima
554 1551 748 1626 proximorum
768 1551 831 1607 odia
850 1559 924 1619 sunt,
937 1551 981 1608 in⁴

85 1630 166 1687 visus
193 1629 330 1686 avunculo
357 1625 547 1705 infensusque.
599 1628 694 1686 Tutor
714 1627 911 1686 Treverorum
932 1647 979 1686 cos

83 1707 148 1782 pias
181 1705 289 1762 recenti
324 1702 508 1778 vangionum,
542 1705 754 1773 Geraesticus
786 1705 981 1763 Tribocorum

84 1783 201 1839 delectu
222 1789 325 1850 auctas,
347 1788 482 1840 veterano
505 1782 601 1856 pedite
624 1791 707 1858 atque
730 1782 825 1858 equite
848 1783 979 1848 firmavit,

85 1859 230 1931 corruptis
242 1877 305 1930 spe,
320 1864 367 1911 out
387 1865 463 1912 metu
483 1859 603 1915 subactis
627 1859 795 1930 legionarii:
818 1861 865 1932 qui
887 1861 980 1932 primo

85 1935 245 2000 cohortem,
272 1931 446 2006 premissam
472 1949 489 1986 a
510 1935 626 1988 Sextilio
653 1934 761 2000 Felice,
784 1934 978 2008 interficiunt3

85 2028 154 2068 mox
174 2009 223 2066 ubi
243 2008 328 2065 duces
355 2005 555 2080 exercitusque
579 2004 719 2064 Romanus
743 2009 979 2081 propinquabant,

85 2087 207 2144 honesto
232 2083 386 2157 transfugio
412 2083 548 2139 rediere:
581 2084 684 2142 secutis
711 2081 855 2149 Tribocis,
877 2075 978 2158 Vangi-

86 2163 245 2239 onibusque
264 2167 294 2218 et
314 2160 516 2218 Caeracatibus.
559 2159 662 2230 Tutor,
684 2158 824 2216 Treveris
845 2161 978 2219 comitan-

73 2241 172 2310 ·tibns,
205 2239 291 2296 vitato
324 2237 513 2310 Mogontiaco,
546 2236 676 2310 Bingium
707 2236 857 2302 concessit,
890 2235 978 2297 fidens

86 2318 162 2384 loco,
181 2316 247 2392 quia
269 2321 384 2388 pontem
406 2311 495 2370 Navae
522 2311 642 2370 fluminis
668 2315 842 2389 abruperat:
865 2315 915 2370 scd
937 2314 977 2372 in-

87 2411 174 2450 cursu
199 2391 368 2458 cohortium,
395 2407 475 2465 quas
490 2391 623 2448 Sextilius
652 2391 782 2460 ducebat,
808 2397 837 2448 et
863 2400 978 2467 reperto

86 2471 170 2538 vado,
185 2469 310 2546 proditus
333 2467 477 2542 fususque.
519 2467 562 2526 Eo
580 2468 662 2526 clade
682 2468 806 2544 perculsi
828 2467 976 2540 Treueri3

87 2555 116 2606 et
141 2545 252 2622 plebes,
278 2544 385 2603 omissis
411 2544 504 2612 armis,
527 2538 581 2618 per
607 2563 687 2616 agros
710 2545 839 2619 palatur:
868 2546 979 2619 quidam

17 2687 18 2696 ,
86 2623 306 2701 principum‚'ut
325 2620 408 2695 primi
428 2621 556 2696 posuisse
575 2621 681 2676 bellum
701 2622 876 2687 viderentur,
890 2621 918 2676 in
938 2623 977 2679 ci-

86 2702 200 2768 vitatos,
221 2717 285 2774 quae
305 2697 469 2754 societatem
490 2694 644 2750 Romanam
665 2713 721 2750 non
744 2701 891 2763 exuerant,
908 2715 975 2770 per-

86 2775 228 2852 sugerunt.
269 2773 407 2847 Legiones
422 2791 438 2828 a
453 2770 581 2827 Novesio
602 2769 756 2844 Bonnaque
776 2770 805 2826 in
819 2769 977 2842 Treveros,

59 2919 63 2938 ι
88 2861 119 2914 ut
143 2854 231 2930 supra
255 2850 481 2918 memoravimus,
507 2847 652 2916 traducta,
678 2864 709 2906 se
735 2847 810 2924 ipsas
835 2846 865 2905 in
890 2851 980 2914 verba

124 3089 138 3146 l
156 3081 414 3154 monetarium.
451 3082 509 3142 Qui
528 3083 656 3136 videntur
673 3081 758 3136 fuisse
770 3084 878 3151 equites
889 3081 978 3138 hono·

89 3157 199 3210 ratioris
212 3153 323 3207 militias.

123 3225 141 3278 ll
161 3223 346 3278 caracutium.
381 3222 416 3275 ln
434 3221 509 3274 Flor.
521 3221 651 3274 scribitur
664 3219 847 3285 Coracesium,
860 3236 914 3289 quo
927 3235 976 3273 no-

88 3295 163 3348 mine
180 3291 355 3361 Intelligendi
373 3293 498 3344 sidentur
514 3290 621 3358 Ryclsio
636 3288 746 3354 Gerasi,
758 3289 792 3343 de
805 3289 904 3359 quibus
916 3287 976 3342 Ocn-

88 3379 135 3426 snr
146 3363 181 3417 de
192 3361 266 3416 hollo
278 3359 352 3414 Gall.
364 3359 390 3426 2,
401 3360 427 3414 4.
439 3359 515 3430 quod
526 3361 591 3415 situi
607 3359 704 3433 populi
715 3359 796 3418 istim
806 3374 864 3417 non
875 3371 977 3429 copto·

88 3429 400 3496 ffiredocetcellnrius.
951 3473 977 3504 n
