2252 3958
3 367 6 374 ‹
83 359 110 402 ι.
129 361 155 402 c.
173 345 215 402 ar.
328 341 484 402 msron
501 343 575 402 uua
592 339 746 402 ramus.
856 314 861 324 ’
952 339 988 400 rr

126 491 220 551 XVll.
241 490 374 551 l'rsonem
385 491 481 552 ferunt
493 493 585 552 subm
597 491 780 561 intuentibus,
792 495 824 548 'et
840 507 907 550 mox
920 507 987 549 con·

84 571 169 648 jectis
182 571 285 630 ineam
292 571 416 648 omnium
424 571 524 641 nemis,
534 571 642 628 nullum
655 569 756 628 turbati
765 575 814 627 aut
826 568 988 637 exultantis,

90 647 173 708 animi
184 655 290 706 motum
302 647 469 726 prodidisse.
505 649 612 706 Sermo
628 665 695 722 erga
707 655 818 724 patrem
832 646 874 704 lm
946 651 988 704 to-

90 743 206 802 remque
216 743 366 796 reverens,
376 725 413 784 de
423 745 455 784 se
468 725 640 794 moderatim,
652 725 724 782 nihil
742 726 772 783 iu
784 726 864 784 vultu
899 723 988 782 abitu·

93 821 146 938 pne
158 809 312 862 munim:
335 804 414 880 quasi
427 801 569 880 iiuperare
578 811 675 878 posset
686 803 784 878 magis,
793 803 877 878 quam
890 801 987 859 vellet.

118 883 285 945 adsultatum
304 880 370 939 inde
383 890 392 916 ⁴
404 898 457 957 pro
468 880 578 950 maris,
592 896 628 938 an
640 879 670 936 in
682 887 790 948 senatu,
801 891 835 936 an
848 879 877 936 iu
889 877 990 936 caua

91 959 220 1034 tadoptio
233 959 466 1032 nuncuparetur)
501 961 515 992 '‘
526 956 567 1015 lu'
586 957 616 1014 iu
628 961 731 1020 cam’
742 957 864 1034 placuit:
880 956 989 1014 ‘bono-

88 1036 222 1094 ‘rificum
240 1035 270 1091 id
282 1035 417 1091 militibus
429 1034 503 1102 sore,
516 1051 636 1109 quorum
648 1032 786 1103 favorem,
799 1041 830 1092 ut
841 1033 991 1108 largitione

70 1133 74 1142 ·
88 1122 97 1149 ⁶
108 1120 138 1172 et
150 1112 258 1170 nabitu
267 1110 339 1167 male
353 1109 472 1184 adquiri,
482 1109 520 1166 ita
528 1111 676 1184 perbonas
685 1117 760 1168 artes
767 1111 841 1168 baud
853 1127 991 1187 spernen-

88 1187 201 1248 ‘dtnm'
240 1187 475 1246 circumsteterat
484 1185 598 1243 interim
606 1185 741 1260 palatium
750 1187 863 1262 publiea
872 1189 990 1262 exspec-

86 1267 167 1335 tatio,
181 1265 275 1354 magui
289 1264 398 1322 secreti
407 1262 567 1338 impatiens,
580 1268 610 1319 et
631 1263 703 1320 mall
717 1262 868 1322 oneratam
881 1251 992 1324 lamaml

89 1341 517 1490 mpffillimfflmldns
542 1417 700 1493 lanuarias,
726 1415 832 1478 loednm
857 1415 994 1478 isnbnbus

91 1497 178 1567 diem,
191 1497 325 1566 tonitrua,
339 1503 369 1554 et
381 1494 503 1571 fulgura,
514 1501 543 1555 et
555 1497 685 1554 celestes
695 1496 778 1554 minae
787 1497 862 1556 ultra
870 1497 993 1568 solitum,

90 1577 283 1636 turbmerant.
324 1572 515 1636 Observatum
527 1573 555 1631 id
569 1573 720 1650 antiquius
729 1575 849 1634 caminis
858 1576 992 1636 dirimen

90 1650 163 1722 disp
175 1670 230 1709 uon
240 1651 344 1710 terruit
351 1649 469 1716 Galbam
476 1651 624 1726 quominus
637 1651 764 1710 incasti-a
771 1661 917 1729 pergeret,
926 1673 993 1714 con·

91 1736 264 1819 temptor-em
275 1729 383 1818 talium
391 1735 422 1786 ut
433 1726 623 1818 fortuitorum,
635 1747 697 1798 seu,
712 1747 775 1806 qua
785 1729 841 1788 sato
854 1729 995 1803 manent,³

41 1848 45 1854 '
92 1805 996 1962 lfflsslffiililli'il‘iledddffillidit&

92 1961 257 2030 ‘Pisonem
270 1975 350 2018 more
371 1961 430 2018 divi
443 1960 586 2036 Augusti,⁴
597 1967 629 2018 ‘ot
648 1961 781 2050 exemplo
800 1963 924 2040 militari,
939 1983 996 2040 quo

93 2039 260 2097 ‘uirvimm
270 2038 400 2112 legeret‚’
412 2038 581 2114 pronuntiat.
623 2038 664 2095 Ac
673 2057 710 2096 ue
720 2037 888 2097 dissimulata
896 2041 997 2100 seditio

90 2118 125 2176 iu
138 2118 226 2190 majus
237 2115 415 2184 crederetur,
429 2116 505 2174 ultrb
516 2115 675 2184 adseverat,
696 2123 840 2198 ‘quartam
849 2124 879 2174 et
891 2117 996 2177 duode-

94 2193 282 2252 ⁴vicesimam
301 2191 439 2268 legiones,
465 2193 561 2268 paucis
584 2191 728 2250 seditionis
752 2193 998 2264 auctoribus,'uou

94 2272 191 2328 ‘ultra
202 2271 293 2328 verba
306 2289 338 2329 ac
352 2289 439 2329 voees
453 2289 574 2339 errasse,
589 2276 619 2328 et
639 2266 725 2329 brevi
748 2269 777 2328 in
797 2269 890 2331 officio
912 2269 996 2334 fore’

3 2387 4 2390 =
94 2347 162 2407 Neo
175 2349 264 2406 ullum
283 2348 402 2406 emtioni
425 2356 473 2407 aut
494 2349 666 2407 lenocinium
689 2348 774 2418 addit,
795 2357 842 2408 aut
864 2352 997 2428 pretium.

94 2427 221 2484 Tribuni
233 2433 326 2485 minen
339 2427 587 2503 centurionesque,
601 2434 631 2486 et
643 2426 765 2504 proximi
778 2429 907 2498 militum,
920 2437 1000 2504 grata

11 2526 17 2533 ·
94 2505 193 2564 auditu
203 2505 393 2580 respondent:
408 2523 463 2579 per
471 2511 583 2562 ceteros
593 2505 721 2563 mestitia
729 2523 761 2562 ac
769 2505 921 2576 silentium,
931 2514 999 2565 tam·

94 2601 183 2659 qnam
207 2587 370 2655 usurpatam
392 2581 478 2638 etiam
503 2581 533 2636 ia
552 2599 624 2654 pace
647 2581 770 2638 donativi
793 2583 1000 2652 necessitatem,

93 2662 176 2720 bello
199 2657 397 2732 perdidissent.
439 2657 556 2712 Constat
577 2657 870 2730 potuisseconciliari
897 2659 1001 2718 animos

103 2777 106 2782 Ι
134 2813 210 2868 lEt
229 2806 442 2864 mattooeret'tum
455 2808 572 2879 fimum.
609 2807 648 2863 Et
668 2823 809 2863 rumorem
822 2811 939 2868 subinde
951 2830 1002 2883 per

97 2884 229 2939 homines
249 2880 376 2950 garrulos
389 2889 436 2934 aut
448 2879 608 2947 suspicaces
620 2887 804 2934 'emanantem
817 2883 861 2937 illi'
874 2885 933 2954 ipsi,
953 2886 1000 2955 qui

98 2955 226 3012 inhibere
239 2951 422 3014 corrobamus,
434 2950 636 3020 propagabant.
672 2951 806 3020 Ryclrius.

134 3025 153 3107 {t
174 3019 299 3077 Comitiis
316 3018 480 3074 dirimendis.
517 3019 590 3074 Num
602 3022 800 3090 Juvatouaute
814 3041 879 3079 cum
897 3027 999 3096 populo

99 3094 239 3228 aggngefps
251 3103 385 3232 {illisae
403 3166 511 3216 manent
523 3201 529 3214 .
543 3200 549 3215 .
562 3200 570 3214 .
582 3163 636 3216 aaa
653 3161 780 3217 meatur.
825 3163 894 3217 Haae
912 3179 968 3215 nou
986 3178 1003 3216 e

80 3236 195 3290 'mente
208 3233 308 3297 Tamti,
326 3231 375 3284 aed
394 3231 641 3286 Galbaedicuntur.
685 3231 783 3301 Itaque
797 3249 862 3285 cum
883 3230 1003 3286 Ernesto
1072 3243 1079 3254 ·

101 3304 249 3358 mallemus
260 3299 408 3356 lectionem
421 3301 526 3354 codicis
537 3301 627 3355 Guelf
641 3302 797 3368 Morantur,
810 3313 895 3369 quam
907 3302 1002 3372 vulga

35 3373 41 3380 '
101 3385 163 3428 tum
174 3372 300 3437 ostentm,
312 3371 493 3426 autoiteatur.

137 3443 246 3496 tMore
258 3441 315 3494 diui
325 3439 454 3510 angam,
465 3446 489 3494 et
501 3457 569 3496 seem
588 3441 614 3494 lo,
631 3439 751 3494 militari.
787 3437 938 3494 Peccatum
957 3439 1004 3494 hic
1097 3487 1099 3490 ,

102 3511 266 3580 trajectione
278 3511 425 3564 verborum
434 3523 533 3580 putant
587 3516 678 3582 rretus
687 3522 716 3566 et
726 3508 843 3580 Lipsius,
855 3511 1003 3580 teguntque

101 3578 533 3651 exemptottotttugmttamm
545 3579 667 3706 radigen.
742 3599 771 3618 s·
