2252 3958
565 134 661 184 ,a

562 192 577 227 si

78 290 83 301 ·
148 287 185 348 on
301 339 304 348 ,
401 287 436 344 u.
453 224 765 354 colustrum*
839 231 872 334 a.
893 294 920 334 u.
939 279 966 333 s.
984 278 1056 335 saa

130 443 229 496 ·‘nec
251 443 362 512 tempus
376 429 613 509 'computareritis
626 453 636 488 :-
655 425 797 487 difficilis
817 429 862 484 est
882 434 1051 502 temperare

152 523 161 552 ‘
175 513 312 580 felicitati,
324 513 381 588 qul
393 516 422 568 te
436 529 493 569 non
506 515 588 584 putes
601 509 649 566 diu
663 523 790 565 usurum.
833 503 929 564 Civile
940 503 1051 562 bellum

153 590 323 650 ‘sVitellio
337 589 442 721 coep'pl:
462 577 494 644 'e't
513 593 543 644 ut
562 585 599 644 de
619 583 781 660 principatu
803 587 1051 639 certaremuur:

154 669 240 736 ‘mis,
262 665 371 724 initium
388 662 409 721 il
422 665 447 722 'c
467 663 539 722 suit:
561 674 597 720 ne
615 663 775 738 plusquam
788 659 878 716 semel
891 664 1049 728 certemus,

154 752 266 821 ‘penes
289 760 335 800 me
357 743 519 816 exemplum
539 741 614 810 erit3
642 739 708 798 hinc
728 736 879 818 Othonem*
896 736 1050 810 posteritas

155 821 307 878 ‘estimet
348 819 472 877 Fructur
492 816 623 892 Vitellius
646 814 746 894 iratre2
771 812 902 888 conjuge,
928 812 1048 870 liberis:

155 904 163 932 ‘
178 897 246 954 mihi
260 915 315 952 non
329 897 446 964 ultione,
466 911 560 970 neque
573 893 678 952 solatiis
693 899 764 966 opus
778 897 831 948 est.
873 889 931 946 Alii
944 889 1048 948 diutius

155 973 329 1050 ‘imperium
353 973 514 1042 tenuerint3
549 989 632 1032 nemo
658 979 715 1028 tam
747 967 861 1027 sortiter
886 968 1047 1042 reliquerit.

155 1051 222 1107 ‘An
236 1068 289 1124 ego
308 1057 414 1109 tantum
427 1049 560 1108 Romanae
580 1048 674 1123 pubis,
694 1052 735 1104 tot
749 1045 878 1119 egregios
892 1045 1048 1117 exercitus,
1103 1047 1107 1054 '

155 1135 164 1162 ‘
179 1129 265 1186 demi
279 1145 387 1196 rursus,
401 1121 436 1184 et'
443 1125 607 1202 reipublicae
623 1125 696 1200 eripi
710 1123 799 1198 patiar
814 1122 826 1179 ‘l
866 1121 920 1178 Eat
931 1121 981 1179 hic
991 1139 1048 1180 me·

156 1212 244 1264 ‘cum
267 1205 385 1274 animus,
407 1212 547 1280 tamquam
567 1201 690 1278 perituri·
709 1219 762 1276 pro
781 1217 827 1256 me
845 1197 980 1269 fueritis3
1001 1200 1050 1256 sed
1110 1219 1112 1228 ’

157 1289 165 1318 ‘
181 1290 242 1340 este
255 1284 421 1358 superstites
435 1303 442 1338 :
464 1299 517 1338 nec
530 1281 578 1336 diu
589 1297 747 1346 moremur,
761 1294 814 1352 ego
828 1276 1053 1335 incolumitatem

157 1368 314 1428 ‘uestram
335 1379 386 1417 vos
406 1358 588 1417 constantiam
607 1375 708 1413 meain.
749 1355 835 1412 Plura
855 1354 892 1410 de
913 1355 1053 1412 extremis

158 1445 165 1474 ‘
181 1439 269 1512 loqui,
283 1455 350 1510 pars
363 1437 481 1509 ignaviae
495 1441 558 1492 est:
581 1434 757 1509 praecipuum
771 1431 964 1489 destinationis
979 1449 1049 1489 meae

157 1513 377 1570 ‘documentum
404 1513 517 1578 habete,
543 1511 620 1586 quod
646 1512 682 1568 de
697 1507 817 1568 nemine
839 1527 966 1583 queror;
989 1526 1051 1569 nam

157 1597 165 1632 ⁴
181 1587 311 1648 incusare
324 1587 392 1644 deos
406 1589 453 1646 vel
464 1589 603 1657 homines,
617 1589 678 1662 ejus
690 1595 743 1655 est,
758 1587 806 1662 qui
819 1587 922 1643 vivere
937 1588 1031 1644 velit.'

163 1710 176 1734 ,
196 1663 328 1721 XLVlll.
370 1665 454 1725 Talia
466 1666 586 1734 locutus,
607 1665 759 1740 ut'cuique
774 1671 841 1720 aetas
854 1671 901 1720 aut
922 1664 1052 1738 dignitas,
1111 1703 1112 1708 κ

157 1742 276 1804 comiter
289 1744 455 1818 appellatos,
469 1743 563 1800 ‘irent
575 1745 710 1822 properti,
726 1756 782 1797 neu
793 1741 966 1798 remanendo
981 1743 1052 1799 irum
1111 1766 1112 1778 ¹

157 1819 296 1894 tricionis
316 1820 501 1895 superarent?
518 1820 641 1894 juvenes
662 1819 836 1886 auctoritate,
858 1835 942 1875 senes
956 1821 1050 1895 preci·

156 1897 209 1953 bus
223 1899 384 1986 movebat:
406 1897 531 1972 placidus
552 1915 614 1965 ore,
640 1896 798 1971 intrepidus
816 1896 925 1964 verbis,
948 1897 1051 1959 intem

482 1975 488 1990 .
632 1977 635 1984 .
752 1983 760 2008 ι
805 1995 810 2006 ,
838 1973 844 1984 .

157 1975 714 2127 llll{tzillttsslttffllss
732 1973 944 2126 adlidi?
956 1993 1052 2110 titt
1110 2071 1111 2074 κ

159 2146 226 2203 erga
238 2147 281 2199 se,
304 2138 351 2188 aut
370 2132 399 2188 in
417 2129 562 2188 Vitellium
583 2129 761 2187 contumeliis
774 2127 906 2201 insignes,
932 2130 1050 2190 abolet:

158 2208 292 2280 pecunias
304 2207 454 2276 distribuit,
498 2209 574 2275 ared,
596 2225 650 2264 nec
667 2213 697 2264 ut
710 2206 864 2281 periturus.
906 2205 980 2263 Mox
994 2209 1051 2266 Sal-

158 2281 237 2340 viuin
250 2283 450 2352 Cocceianum,
470 2226 567 2342 Fratris
585 2283 683 2352 filiurn,
706 2283 798 2358 prims
814 2284 946 2358 juventi,
960 2288 1051 2362 trepi-

158 2359 226 2418 dum
238 2366 268 2417 et
280 2367 456 2428 merentem,
480 2361 554 2418 ultro
572 2361 677 2418 solatus
699 2368 754 2429 est,
777 2361 913 2418 laudando
935 2365 1052 2438 ‘pieta-

159 2437 250 2496 ‘tem’
277 2437 350 2516 ejus,
375 2438 533 2511 castigando
559 2437 760 2496 ‘formidinem
773 2439 791 2494 ι’
820 2447 879 2496 ‘an
902 2437 1052 2499 Vitellium

159 2511 238 2572 ‘tani
259 2514 372 2573 immitis
394 2515 477 2572 animi
499 2514 572 2585 sore,
595 2522 626 2573 ut
648 2534 701 2591 pro
720 2517 854 2574 incolumi
877 2519 934 2574 totd
955 2519 1052 2592 domo,

158 2597 168 2627 ‘
183 2609 219 2650 ne
233 2593 304 2650 hanc
325 2593 438 2668 quidem
456 2593 510 2651 sibi
523 2594 639 2668 gratiam
652 2593 809 2678 rendenetss
832 2594 939 2651 mereri
950 2615 983 2654 se
996 2595 1052 2654 ses·

158 2669 267 2728 ‘tinato
291 2669 369 2728 exitu
391 2671 570 2730 clementiam
594 2670 720 2729 victoris.
761 2669 826 2728 Non
853 2673 929 2728 enim
953 2675 1051 2732 ultimd

160 2754 168 2782 ‘
182 2744 390 2823 desperatione,
408 2748 459 2806 sed
478 2755 613 2824 poscente
626 2749 911 2823 proelium·exercitu‚
925 2753 1050 2810 mmisis·

159 2830 215 2880 ‘se
229 2825 395 2899 reipublice
408 2825 589 2882 novissimum
608 2843 712 2882 cusum.
754 2826 825 2883 Satis
844 2827 897 2883 sibi
917 2831 1050 2901 nominis,

91 2903 106 2928 ·
159 2901 247 2957 ‘satis
273 2903 395 2974 posteris
411 2902 472 2960 ‘suis
495 2902 647 2959 nobilitatis
668 2902 836 2976 quaesitum:
858 2911 923 2978 post
945 2905 1049 2974 Julius,

159 2982 168 3014 ⁶
184 2973 328 3044 Claudios,
343 2977 468 3046 Servios,
481 2992 513 3034 se
523 2978 644 3054 primum
657 2978 686 3035 in
699 2977 830 3036 &milium
843 2993 946 3038 neuim
960 2983 1049 3058 impe·
1107 3029 1108 3032 ,

158 3058 168 3088 ‘
183 3051 257 3110 rium
266 3051 411 3111 intulisse:
434 3055 552 3129 proinde
565 3062 663 3113 erecto
674 3057 765 3114 animo
775 3066 942 3132 capesseret
951 3060 1049 3130 vitam,

159 3136 239 3212 {nau
257 3135 386 3206 patruum
405 3131 457 3188 sibi
471 3131 613 3190 Othonem
626 3131 722 3202 fuisse,
746 3141 793 3194 aut
817 3134 1048 3194 obliviscereturl
1107 3147 1108 3175 ³

158 3215 168 3241 ‘
183 3225 323 3282 umquam,
346 3215 392 3264 aut
405 3208 518 3266 nimium
530 3210 721 3268 meminisset!

197 3283 301 3346 llLlX.
343 3284 410 3342 Post
423 3303 499 3360 que,
518 3285 629 3344 dimotis
642 3288 781 3357 omnibus,
794 3289 921 3365 paullum
934 3289 1048 3366 requie-

156 3393 163 3422 ι
195 3431 284 3486 Μαί
303 3433 578 3487 obliuisceretur-uui
597 3435 712 3489 nimium
732 3435 902 3492 memindset.
940 3440 1053 3497 Eadem
1106 3433 1107 3479 l

160 3502 287 3579 numnius
297 3499 467 3581 rrinsrlpisp
479 3503 505 3564 3,
515 3502 558 3555 14.
569 3503 617 3573 qui
624 3504 734 3560 “misse
742 3512 1051 3580 putremsususpotum,

159 3579 238 3621 smnio
250 3582 365 3625 nimium
376 3574 543 3624 maianus.
