2254 3960
55 401 124 451 ms.
137 395 179 452 70.
279 389 433 453 merob.
452 393 525 452 HR.
544 391 756 457 Quassus..
902 391 954 450 229

57 541 132 600 ‘tim
186 540 266 600 Nibil
291 551 462 618 separatum,
489 545 664 602 clausumve.
716 539 752 600 Et
779 539 954 600 laudatorum

58 617 338 694 ‘Principnmusus
358 638 396 676 ex
415 638 508 696 aequo,
527 621 652 697 quamvis
672 620 774 693 procul
788 619 951 694 agentibus:

57 698 156 754 ‘saevi
178 696 314 773 proximis
337 696 477 771 ingruunt.
529 697 677 766 Quomodo
698 696 884 768 sterilimtem
909 707 955 755 aut

56 773 186 832 ‘nimios
212 774 329 842 imbres,
350 782 381 832 et
406 779 504 832 cetera
529 783 636 832 naturae
663 776 754 845 mala;
782 776 820 832 ita
845 777 954 846 luxum,
981 818 986 828 .

55 852 133 908 ‘vel
148 851 291 909 avaritiam
305 851 509 908 dominantium
527 853 656 909 tolerate.
672 859 675 868 ¹
697 850 774 909 Vitia
794 861 889 923 erunt,
904 855 953 912 do·

54 936 140 986 ‘nec
160 928 307 1000 bomines3
329 927 381 986 sed
401 935 497 1002 neque'
515 929 742 995 hoec'continua,
755 938 784 986 et
802 932 953 990 meliorum

54 1001 250 1062 ‘interventu
270 1011 425 1080 pensantur
437 1024 450 1074 ς,
473 1002 527 1059 nisi
549 1002 621 1060 forte
646 1002 758 1061 Tutore
779 1014 808 1063 et
828 1006 954 1068 Classico

54 1083 285 1156 ‘regnantibus,‘
300 1080 470 1138 moderatius
492 1081 645 1155 imperium
668 1082 813 1154 speratis3
835 1093 881 1142 aut
903 1088 953 1144 mi·

53 1160 213 1227 ‘'neribus,
237 1160 320 1234 quam
347 1176 431 1225 nunc,
456 1157 568 1215 tributis
595 1158 771 1232 parabuntur
797 1164 952 1233 exercitus,

54 1237 188 1314 ‘quibus
209 1235 344 1293 Germani
359 1234 543 1310 Britannique
565 1242 725 1292 arceantur.
766 1233 841 1292 Nam
856 1241 954 1312 pulsis,

54 1313 177 1394 ⁶(quod
203 1314 241 1372 dii
273 1310 457 1388 prohibeant)
485 1313 628 1384 Romanis,
662 1312 729 1386 qaid
761 1313 846 1380 aliud,
873 1317 963 1389 quim

53 1399 61 1424 ⁴
76 1393 161 1448 bella
175 1391 298 1448 omnium
311 1391 387 1447 inter
399 1407 431 1447 se
444 1392 569 1463 gentium
581 1393 705 1448 existent
721 1390 733 1448 l
773 1390 956 1465 Octingento·

56 1479 150 1526 ‘rum
177 1487 313 1526 annorum
338 1467 449 1525 fortuna
481 1468 686 1547 disciplinaque
712 1486 863 1543 compages
894 1469 956 1531 hasc

57 1555 64 1580 ‘
79 1545 190 1604 coaluit
203 1568 210 1617 ;
233 1565 296 1621 quas
317 1546 452 1614 convelli,
470 1546 531 1603 sine
552 1547 639 1604 exitio
652 1545 886 1614 convellentium,
900 1567 957 1608 uon

57 1634 64 1657 ⁶
80 1630 190 1698 potest.
232 1624 288 1700 Sed
298 1624 379 1682 vobis
393 1623 547 1680 maximum
557 1625 711 1684 discrimen
722 1642 812 1700 penes
824 1643 896 1714 quos
907 1647 955 1685 au·
1047 1641 1059 1650 “

57 1711 64 1735 ‘
80 1719 148 1758 rum
163 1707 192 1757 et
205 1721 285 1776 opes,
299 1702 453 1776 precipuas
467 1703 610 1759 bellorum
623 1721 727 1762 causae.
769 1701 892 1760 Proinde
908 1724 955 1780 pa·

58 1788 149 1836 ‘cem
163 1785 193 1835 et
206 1779 326 1846 Urbem,
341 1797 424 1855 quam
436 1780 505 1837 victi
518 1781 699 1857 victoresque
713 1781 815 1837 eodem
823 1781 892 1854 jure
906 1785 955 1840 ob·

58 1865 64 1890 ‘
80 1856 216 1925 timemus,
231 1865 331 1924 amate,
344 1857 441 1916 colite.
484 1857 620 1916 Moneant
635 1877 687 1916 vos
705 1858 852 1932 utriusque
865 1857 955 1917 fortu-

58 1947 129 1992 ‘nae
150 1935 327 2002 documenta,
342 1951 378 1991 ne
402 1935 604 1991 contumaciam
627 1953 692 1992 cum
712 1934 852 2009 pernicie,
873 1938 962 2010 quim

58 2011 263 2087 ‘obsequium
290 2029 355 2068 cnm
382 2011 546 2086 securitate·
563 2011 686 2070 malitis)
738 2011 804 2066 Tali
828 2015 962 2072 oratione

57 2090 192 2166 graviora
206 2096 365 2148 metuentes
377 2087 547 2162 composuit,
558 2089 720 2164 erexitque.

98 2166 218 2225 LXXV.
260 2167 446 2226 Tenebantur
466 2165 575 2223 uictore
596 2167 725 2224 exercitu
743 2165 882 2235 Treveri,
893 2168 957 2232 edm

60 2245 163 2304 Civilis
180 2253 213 2302 et
233 2243 375 2301 Classicus
396 2243 498 2300 misere
520 2243 651 2318 epistolas
672 2243 705 2300 ad
720 2235 963 2324 Cerialem,fi‘1i'ra-·

60 2342 128 2382 rum-
150 2324 214 2380 baec
239 2321 376 2380 sententia
408 2319 470 2378 fuit.
525 2319 762 2396 ‘Vespasianum
789 2326 963 2400 quamquam*

61 2401 176 2458 ‘nuntii
208 2397 405 2466 occultarent,¹
430 2398 586 2457 excessisse
614 2400 678 2458 vita.
734 2400 962 2478 Urbemimqne

62 2487 68 2511 ‘
85 2479 205 2552 ltaliam,
227 2478 338 2534 interno
364 2476 441 2532 bello
467 2484 671 2552 consumptam,
685 2473 810 2537 Muciani
827 2497 870 2540 ,ac
884 2531 886 2538 ,
898 2481 962 2538 naa

62 2554 192 2612 ‘mitiani
213 2571 285 2612 vana
305 2561 334 2610 et
353 2553 415 2610 sine
434 2551 549 2612 viribus*
562 2557 683 2612 nomina.
725 2557 754 2612 Si
769 2555 890 2613 Cerialis
905 2558 989 2616 ima„

62 2633 199 2707 ‘perium
221 2633 375 2691 Galliarum
400 2632 481 2698 velit,
501 2632 578 2705 ipsos
602 2631 702 2688 tinibus
729 2633 873 2688 civitatum
894 2651 955 2690 rua·

62 2720 150 2767 ‘rum
159 2717 332 2781 contentos:
355 2709 378 2765 si
398 2707 531 2784 proelium
554 2708 661 2774 mallet,
675 2725 711 2762 ne
732 2708 760 2765 id
781 2707 895 2781 quidem
909 2711 955 2765 ab·

62 2796 69 2822 ‘
85 2788 199 2844 nuere)
240 2788 283 2844 Ad
303 2805 338 2842 ea
351 2784 471 2842 Cerialis
485 2782 572 2839 Civili
586 2790 615 2840 et
628 2783 755 2840 Classico
770 2784 857 2840 nihil=
880 2803 955 2857 eum,
1041 2787 1047 2794 “

62 2866 111 2940 qui
138 2864 276 2921 adtulerat
300 2864 374 2938 ipsas
407 2857 568 2937 epistolas,2
591 2859 626 2916 ad
657 2859 845 2917 Domitianum
870 2862 954 2922 misit.

60 2942 178 3010 Hostes,
192 2942 289 3009 divisis
302 2941 403 3015 copiis,
416 2940 561 3011 advenere
573 2937 708 3012 undique.
751 2935 886 3014 Plerique
896 2940 955 2997 cul·

61 3021 166 3094 pabant
189 3018 344 3085 Cerialem,
369 3035 481 3092 passum
500 3015 589 3090 jungi,
616 3033 685 3088 quos
708 3015 845 3074 discretos
868 3016 955 3074 inler-

62 3099 162 3172 cipere
183 3097 317 3154 licuisset.
360 3095 502 3152 Romanus
524 3093 666 3150 exercitus
689 3101 790 3156 castra.
804 3093 878 3151 fossi
897 3096 956 3151 val·

61 3169 382 3250 loquecircumdedil:
417 3171 479 3248 quis
510 3177 619 3228 temere
653 3177 736 3228 antea
767 3171 862 3230 intutis
888 3190 955 3229 con·

85 3327 259 3382 ‘lNuncdos
282 3329 448 3382 occultarent.
484 3326 593 3394 Nempe
614 3327 731 3380 Cerialis
753 3338 781 3380 et
801 3327 848 3382 alii
871 3327 957 3384 duces
982 3335 993 3344 ‘
1026 3329 1030 3335 “

63 3399 210 3452 Romanis
231 3399 420 3452 Farnesianus
438 3398 536 3461 codex,
555 3397 661 3465 Regius
679 3408 708 3450 et
728 3397 890 3465 Ryckianus
906 3399 958 3454 hs.

62 3468 132 3522 bem
142 3467 247 3533 nuncii,
259 3470 309 3522 sed
321 3480 388 3520 mne
398 3467 546 3536 legendum
558 3479 632 3520 esset
643 3467 843 3522 occultarentur.

97 3537 275 3662 2Fasmmqui
294 3538 426 3591 adtulerat
445 3536 521 3606 ipsos
544 3535 676 3608 epistolas.
720 3527 811 3593 Immo
831 3536 956 3610 ipsasque

249 3605 437 3662 Domitianam
449 3603 530 3660 misit.
703 3657 708 3665 ,
805 3639 807 3654 .

65 3605 190 3675 epistolas
503 3673 529 3732 U
