2252 3958
135 311 173 370 rs
398 301 433 366 e
449 299 567 364 nonu.
585 295 720 360 unnim
824 317 854 356 a.
872 315 899 356 u.
919 309 945 356 e.
964 297 1030 356 sm
1107 279 1108 284 '

137 456 247 516 nuribus
272 455 429 524 obtulisset,
459 454 542 514 simul
564 450 711 510 interiectu
738 453 801 518 θείς
822 445 893 504 nihil
915 459 1029 515 eornm,

137 553 201 609 que
215 533 327 603 tierent,
348 532 464 590 Vitellio
490 530 674 606 anquirente:
696 525 788 587 brevi,
804 523 910 594 auditu,
931 539 1030 598 qnam·
1107 591 1108 600 ἵ

136 610 180 668 vis
203 627 300 684 magna
324 611 468 677 transibat,
496 609 587 681 impar
616 603 691 662 curis
718 601 904 688 gravioribus.
939 608 955 668 ,⁶
970 597 1030 656 Ex·

138 687 277 752 ‘ercitum
302 688 403 744 itinere
426 684 565 744 terrestri’
586 697 709 756 pergere
727 679 830 754 jubet:
852 693 915 752 ipse
937 676 1028 732 Arare

137 761 251 820 flumine
277 762 438 830 devehitur,
468 761 545 818 nullo
572 757 723 832 Principali
749 753 870 830 paratu,¹
898 751 952 809 sed
978 771 1027 808 ve-

137 843 200 898 tere
227 846 350 912 egestate
376 835 561 911 conspicuus:
583 835 674 890 donec
687 833 786 890 lunius
807 831 928 902 Blaesus,
955 828 1027 902 Lng-

138 915 270 972 dunensis
296 914 396 972 Galliae
417 920 523 980 rector,
544 911 650 985 genere
672 909 793 977 inlustri,
806 909 900 980 largus
924 923 1027 976 animo,

139 998 168 1048 et
192 1009 245 1066 par
270 992 381 1066 opibus,
410 989 599 1047 circumdaret
628 987 767 1061 Principis
794 983 960 1064 ministeria,
982 1001 1027 1040 co·
1101 999 1104 1006 ·

138 1067 284 1126 miteretur
292 1067 459 1136 liberaliter,
482 1083 517 1122 eo
542 1065 605 1140 ipso
615 1063 766 1142 ingratus,2
776 1061 914 1137 quamvis,
936 1060 1031 1116 odium

140 1141 270 1204 Vitellius
301 1144 455 1202 vernilibus
481 1142 621 1200 blanditiis
647 1141 767 1197 velaret.
810 1139 921 1196 Praestb
947 1137 1030 1194 fuere

139 1219 266 1296 Lugduni
279 1221 438 1280 victricium
451 1221 644 1294 victarumque
658 1217 779 1292 partium
787 1216 884 1273 duces.
923 1212 1029 1272 Valen-

97 1345 107 1366 ,
139 1304 198 1356 tem
217 1307 247 1357 et
266 1299 408 1357 Cmcinam
421 1316 474 1374 pro
487 1298 623 1370 concione
646 1295 782 1361 laudatos,
795 1291 887 1350 curuli
900 1311 961 1348 sue
975 1292 1029 1349 cir·

141 1377 307 1452 conposuit.
348 1375 417 1432 Mox
437 1375 621 1430 ‘universum
646 1371 803 1429 exercitum
818 1387 977 1428 occurrere
991 1368 1030 1426 in·

141 1452 232 1510 ‘senti
255 1453 322 1510 lilio’
342 1453 442 1525 jubet:
464 1452 673 1525 perlatumque,
687 1455 717 1506 et
735 1448 931 1522 paludamento
945 1464 1032 1522 oper·

141 1535 210 1596 tum,
236 1530 298 1586 sinu
324 1528 459 1594 retinens,
486 1523 685 1584 Germanicum
708 1525 871 1600 appellavit,
886 1523 1033 1598 cinxitque

109 1653 114 1660 ,
142 1605 250 1662 cunctis
276 1603 395 1662 fortunas
422 1603 590 1678 Principalis
620 1603 794 1676 insignibus:
816 1602 917 1660 nimius
942 1602 1032 1660 honos

142 1681 218 1741 inter
229 1681 360 1750 secunda,
372 1683 456 1738 rebus
467 1681 592 1738 adversis
605 1681 634 1738 in
647 1680 777 1737 solatium
789 1680 901 1737 cessit.3

181 1759 242 1817 bx.
265 1759 340 1815 Tum
361 1757 501 1816 interfecti
522 1759 704 1816 centuriones
726 1756 927 1832 promptissimi
941 1757 1032 1815 Otho·

143 1836 305 1894 manorum:
326 1835 400 1892 unde
427 1835 573 1912 praecipua
599 1835 628 1891 in
651 1833 798 1891 Vitellium
817 1834 958 1903 alienatio,
981 1853 1034 1910 per

144 1911 274 1990 illyricos
300 1914 451 1972 exercitus.
493 1914 581 1970 Simul
606 1920 712 1972 cetere
739 1911 865 1986 legiones
890 1920 1034 1982 contecto,

111 2035 114 2044 «
144 2001 178 2050 et·
193 1992 325 2058 adversds
351 1991 534 2050 Germanicos
557 1990 659 2048 milites
677 1989 792 2058 invidia,
814 1990 920 2047 bellurn
944 1990 1034 2048 medi·

144 2073 283 2130 tabantur.
320 2070 487 2127 Suetonium
514 2069 682 2137 Paullinum,
703 2084 736 2126 uc
759 2066 898 2124 Licinium
925 2066 1033 2126 Procu-

144 2148 213 2217 lum,
236 2149 307 2206 tristi
320 2149 398 2204 mori
420 2146 561 2224 squalidos
587 2147 695 2203 tenuitz
716 2144 808 2202 donec
822 2143 917 2212 auditi,
932 2163 1034 2204 neces-

145 2226 224 2280 sariis
258 2224 343 2297 magis
378 2222 596 2290 defensionibus,
619 2224 702 2297 quim
727 2221 852 2278 honestis
873 2228 1033 2280 uterentur.
1059 2227 1062 2236 '

146 2299 336 2356 Proditionem
373 2300 448 2358 ultro
486 2299 678 2373 imputabant:
703 2299 841 2373 ‘spatium
869 2299 943 2373 longi
971 2307 1035 2356 ante

146 2375 302 2450 ‘proelium
334 2375 453 2443 itineris,
485 2374 671 2449 fatigationem
707 2375 941 2445 Othonianorum,
968 2396 1034 2450 per·

146 2461 155 2490 ⁴
171 2453 287 2510 mixtum
309 2452 447 2510 vehiculis
473 2468 583 2527 agmen,
606 2471 638 2512 ac
656 2455 793 2528 pleraque
806 2451 930 2520 fortuita,
944 2452 1035 2510 fraudi

74 2551 78 2558 ·
146 2531 238 2588 ‘sue’
261 2529 450 2602 adsignantes:
473 2534 506 2587 et*
527 2528 659 2587 Vitellius
685 2531 806 2588 credidit
835 2531 871 2588 de
904 2529 1033 2606 perfidie,

147 2616 178 2667 et
199 2607 283 2667 tidem
308 2607 452 2667 absolvite
491 2607 601 2665 Salvius
623 2607 762 2677 Titianus,
789 2607 909 2666 Othonis
932 2607 1033 2682 trater,

184 2812 296 2868 lNuilo
301 2813 449 2885 principali
470 2819 578 2886 pnratn.
622 2810 738 2868 Minime
762 2829 796 2868 eo
819 2813 967 2882 apparatu,
990 2813 1037 2883 qui

148 2884 303 2952 principem
314 2885 434 2937 deceret.
864 2933 866 2936 .
1079 2937 1084 2950 ,
1105 2911 1106 2914 “

183 2951 255 3004 eso
263 2951 319 3020 ipse
330 2951 466 3021 ingratos.
501 2951 586 3011 erbd
609 2949 715 3006 scilicet
727 2968 761 3007 eo
774 2953 909 3016 comitatu
929 2949 1038 3006 liberali

150 3031 179 3076 et
186 3019 342 3087 splendido,
354 3032 507 3089 egestatem
519 3022 631 3075 Vitellio
643 3023 812 3090 exprobrare
825 3019 976 3075 videretur.

184 3087 378 3142 :tranianum
393 3090 486 3144 'cessit
522 3091 617 3149 Quum
641 3092 750 3159 imperii
763 3092 911 3144 decoratus
921 3089 1035 3160 insigni·

151 3157 211 3223 bus,
222 3158 315 3226 paullo
327 3169 397 3227 post,
406 3161 487 3228 jussu
500 3159 632 3224 Muciani,
651 3161 863 3214 interficeretur.

184 3227 306 3282 ididem
315 3229 431 3283 obsolvit.
468 3230 564 3288 Quum
583 3231 658 3282 enirn
681 3229 752 3284 feisa
763 3239 858 3284 essent
870 3245 931 3298 quae
940 3229 977 3282 de
989 3244 1039 3281 sue

150 3297 180 3348 in
192 3295 332 3350 Othonem
352 3300 469 3365 perfidia
491 3297 602 3351 Vitellio
624 3297 799 3366 imputabant,
811 3310 840 3352 et
862 3299 968 3366 epponi
988 3299 1039 3351 sibi

153 3365 246 3428 gretie
259 3367 398 3430 volebant,
410 3367 538 3420 Vitellius
560 3367 672 3418 veniam
685 3368 875 3432 concedendo,
888 3383 988 3420 verum
1006 3366 1038 3419 iis

139 3429 217 3510 ‚iffi
226 3433 608 3498 ergeOthonemremittebet
621 3436 798 3507 crimenque
811 3437 918 3493 nulum
928 3436 1039 3506 gravius

152 3505 225 3550 mter
234 3499 429 3567 desciscentes,
438 3513 469 3556 nt
481 3504 520 3557 ait
530 3501 602 3557 llist.
614 3503 638 3570 l,
650 3503 698 3565 59,
