2214 3986
60 353 170 410 asoa
274 355 427 415 meros.
447 356 518 418 ura.
538 343 716 423 usarms.
885 369 945 452 ‚ro

58 501 185 578 suscepit,
208 523 301 581 neque
321 513 413 565 tamen
433 509 594 570 dedicavit:
624 515 679 572 hoc
702 517 793 576 solum
816 513 944 578 felicitati

59 579 112 656 ejus
133 585 288 655 negatum'
313 585 416 642 Lutatii
434 586 528 646 Catuli
551 609 667 662 nornen,
688 594 765 652 Inter
786 602 861 652 tanta
879 595 943 654 Cae·

58 661 256 790 saruml'ppera,
271 655 359 738 us'que
373 663 407 720 ad
421 663 566 724 Vitellium
578 670 687 729 mansit.
729 671 771 730 Ea
783 681 851 730 tuuc
867 675 942 733 sedes

56 749 145 790 crema
166 742 235 794 atur.

90 810 221 871 LXXIII.
264 814 319 872 Sed
340 818 403 892 plus
424 821 536 893 pavoris
560 823 691 895 obsessis,
706 829 789 902 quam
811 829 941 890 obsesso-

56 885 126 944 ribus
149 891 250 949 intulit.
304 894 419 970 Quippe
442 895 609 957 Vitellianus
631 903 722 971 miles,
748 924 842 981 neque
869 914 941 976 astu,

54 981 141 1040 neque
165 967 329 1036 constantia,
349 971 426 1028 inter
450 972 534 1030 dubia
559 974 707 1052 indigebat.
756 981 800 1038 Ex
825 983 941 1040 diuerso

54 1042 153 1116 trepidi
177 1046 290 1112 milites,
306 1047 364 1103 dux
386 1049 477 1122 segnis
499 1058 528 1105 et
548 1053 635 1109 veluti
654 1063 753 1129 captus
775 1059 868 1128 animi,
884 1080 941 1118 oon

54 1115 153 1192 lingua,
169 1117 225 1177 n'on
239 1123 351 1180 auribus
371 1133 560 1198 competere:
586 1147 678 1203 neque
702 1133 798 1190 alienis
818 1139 941 1195 consiliis

54 1196 121 1275 regi,
136 1216 231 1276 neque
245 1219 294 1256 sua
313 1201 473 1273 expedire:
495 1203 551 1260 huc
574 1203 642 1262 illuc
663 1209 832 1266 clamoribus
854 1212 941 1270 hosti-

54 1291 95 1349 um
114 1274 268 1349 circumagi
285 1298 295 1349 :⁴
315 1295 378 1351 quae
394 1278 519 1352 jusserat
540 1289 649 1352 vetaoe,
664 1303 727 1359 quaa
749 1293 879 1343 vetuerat
894 1291 941 1363 ju-

53 1348 124 1423 bere,
133 1351 213 1420 Mox,
229 1354 304 1428 q'uod
324 1355 353 1414 in
377 1355 494 1427 perditis
515 1359 600 1416 rebus
623 1363 733 1431 accidit,
748 1381 845 1420 omnes
868 1383 942 1440 pra·

53 1426 157 1502 cipere,
172 1446 255 1486 nemo
276 1433 413 1506 exsequi:
437 1439 592 1508 postremo,
607 1439 722 1512 abjoetis
743 1440 837 1508 armis,
851 1441 942 1516 fugam

54 1511 80 1560 et
92 1504 206 1562 fallendi
226 1515 300 1566 artes
321 1509 600 1585 circumspectabant.
643 1517 810 1592 Inrumpunt
830 1517 941 1576 Vitelli·

54 1581 103 1649 ani,
129 1591 159 1641 et
191 1592 291 1641 cuncta
322 1588 466 1659 sanguine,
493 1589 581 1659 ferro,
609 1591 784 1670 flammisque
810 1595 938 1654 miscent.

53 1653 132 1716 Pauci
155 1661 316 1726 militarium
338 1663 473 1733 virorum,
487 1667 562 1724 inter
582 1689 652 1744 quos
670 1664 794 1729 maxime
807 1673 941 1748 insignes,¹

54 1733 198 1796 Cornelius
223 1735 369 1809 Martialis,
393 1731 522 1800 AEmilius
549 1743 691 1817 Pacensis,
709 1749 864 1824 ‘Casperius
888 1751 939 1808 Ni-

53 1831 108 1884 ger,
131 1815 231 1872 Didius
258 1817 365 1886 Scaeva,
390 1838 509 1894 pugnam
532 1824 601 1892 ausi,
622 1825 832 1884 obtruncantur.
874 1827 938 1904 Πᾶς
1016 1844 1022 1853 ’

53 1890 122 1948 uum
155 1893 298 1963 Sabinum,
331 1895 480 1964 inermem,
508 1918 601 1973 neque
635 1900 726 1976 fugam
758 1911 938 1978 coeptantem,

52 2123 114 2180 tain
133 2144 173 2202 po
195 2127 271 2183 ulum
291 2145 327 2205 pr

52 2203 143 2260 versis
187 2203 306 2264 itellium
315 2207 348 2280 je
401 2213 436 2261 at.
479 2205 577 2264 Ceteri
592 2227 646 2282 per
658 2209 752 2266 varios
766 2227 845 2267 casus
860 2211 937 2286 elap·
980 2269 982 2280 1

52 2273 93 2349 si,
114 2277 225 2356 quidam
249 2283 346 2340 servili
368 2283 475 2352 habitu,
497 2282 543 2340 alii
563 2284 619 2342 fide
639 2286 785 2344 clientium
802 2289 937 2358 contecti,

53 2359 78 2411 et
95 2357 170 2416 inter
189 2360 310 2416 sarcinas
332 2361 425 2418 abditi.
467 2361 572 2431 Fuere,
596 2363 643 2438 qui
667 2374 789 2442 excepto
810 2365 936 2446 Vitellia-

52 2449 143 2492 norum
165 2433 253 2510 signo,
268 2457 323 2512 quo
343 2439 417 2495 inter
436 2444 467 2496 se
487 2443 683 2512 noscebantur,
697 2446 772 2501 ultro
786 2447 936 2519 rogitantes
991 2515 995 2520 Δ

52 2514 297 2588 respondentesve,
312 2515 453 2572 audaciam
466 2536 519 2591 pro
532 2519 642 2576 latebra
656 2521 803 2578 haberent.
905 2551 909 2558 ·

84 2589 216 2646 LXXIV.
258 2591 443 2660 Domitianus,
470 2595 562 2666 prima
584 2597 745 2670 iuruptione
769 2597 850 2670 apud¹
869 2597 935 2652 asdi-

50 2669 119 2738 tuum
145 2669 311 2737 occultatus,
335 2670 461 2726 sollertia
486 2669 592 2736 liberti,
613 2671 690 2727 lineo
717 2673 818 2728 amictu
845 2674 935 2728 turbae

49 2747 241 2818 sacricolarum
264 2747 405 2803 immixtus
426 2745 649 2820 ignoransque}
671 2747 746 2820 apud
757 2746 936 2804 ·Cornelium

50 2817 178 2888 Priorum,
193 2832 340 2899 paternum
362 2823 505 2889 clientem,
524 2821 793 2893 juxtaVelabrum,
815 2824 933 2881 delituit.

49 2885 86 2954 Ac
105 2891 233 2974 ¹potiente
256 2919 353 2957 rerum
374 2907 465 2974 patre,
485 2897 602 2973 disjecto
623 2898 718 2958 editui
738 2901 933 2968 contubernio,

49 2976 182 3035 modicum
203 2979 337 3035 sacellum
363 2997 429 3034 10v1
457 2993 695 3045 consecrarem,
723 2993 856 3064 aramque
884 2996 934 3051 po·

49 3052 107 3121 suit,
123 3073 206 3112 casus
229 3074 294 3112 suos
315 3055 343 3110 in
367 3071 506 3110 marmore
527 3055 716 3128 expressam.2
740 3055 824 3112 -Mox
845 3057 933 3134 impe*-

48 3127 115 3187 rium
137 3133 265 3207 adeptus,
292 3151 358 3189 rovs
382 3149 509 3188 cvsuour
542 3133 679 3206 templum
711 3132 818 3206 ingens,
845 3148 934 3204 seque

53 1967 264 2039 circumsistunt,
291 1980 320 2029 et
346 1973 399 2042 Qu'
421 1974 507 2030 otium
539 1977 670 2046 Atticum,
696 1981 852 2046 consulem,
879 1999 938 2037 um·

52 2043 98 2102 bra
110 2049 225 2105 honoris
247 2056 277 2106 et
296 1993 547 2262 suffiendas
567 2061 758 2122 monstratum,
773 2056 849 2129 quiid
863 2056 938 2112 edic-

79 3284 92 3336 1
111 3275 249 3342 Immistus
256 3288 454 3359 ignoratuaqoe.
474 3287 518 3340 ltu
526 3285 602 3340 Flor.
612 3298 640 3340 et
648 3288 714 3341 editi
724 3298 789 3356 ante
800 3285 933 3367 Lipsium‚

49 3354 90 3419 qui
101 3357 215 3411 dederat
226 3357 392 3428 ignarusque
405 3375 440 3410 ex
452 3355 583 3421 Budensi,
596 3359 640 3410 cui
651 3357 772 3410 concidit
782 3355 896 3424 Regius.

78 3423 95 3476 2
114 3426 277 3481 Cosus'snoe
288 3427 319 3480 io
338 3443 463 3479 marmore
482 3443 636 3497 expressam.
673 3425 868 3490 Hellenismus,
881 3443 932 3494 pro

48 3506 188 3560 expressos
206 3509 234 3552 et
256 3483 408 3566 ius‘culptos
427 3497 613 3552 exhibentem.
633 3489 695 3548 *Ita
712 3513 748 3548 ex
760 3495 834 3549 Flor.
846 3496 931 3577 dede·

47 3570 106 3616 runt
118 3565 245 3634 Ityckius
255 3578 284 3619 et
295 3567 355 3622 Jac.
392 3566 551 3620 Gronovius
562 3567 661 3636 volgo,
673 3582 804 3636 casusque
817 3570 882 3620 euos
899 3581 931 3618 cn
958 3629 961 3634 .

48 3643 166 3696 monuere
178 3635 312 3707 emersit.

446 2129 537 2185 asiano
557 2131 711 2218 magnilica,
732 2133 871 2207 probrosa
891 2133 938 2189 ad·
1018 2167 1021 2174 «
1088 2151 1089 2160 ’
