<?xml version="1.0" encoding="UTF-8"?>
<!DOCTYPE html PUBLIC "-//W3C//DTD XHTML 1.0 Transitional//EN"
    "http://www.w3.org/TR/xhtml1/DTD/xhtml1-transitional.dtd">
<html xmlns="http://www.w3.org/1999/xhtml" xml:lang="en" lang="en">
 <head>
  <title>
</title>
<meta http-equiv="Content-Type" content="text/html;charset=utf-8" />
  <meta name='ocr-system' content='tesseract 3.04.00' />
  <meta name='ocr-capabilities' content='ocr_page ocr_carea ocr_par ocr_line ocrx_word'/>
</head>
<body>
  <div class='ocr_page' id='page_1' title='image "./ccorneliitaciti25tacigoog_0084.png"; bbox 0 0 2252 3958; ppageno 0'>
   <div class='ocr_carea' id='block_1_1' title="bbox 58 306 944 406">
    <p class='ocr_par' dir='ltr' id='par_1_1' title="bbox 58 306 944 406">
     <span class='ocr_line' id='line_1_1' title="bbox 58 306 944 406; baseline -0.002 -2"><span class='ocrx_word' id='word_1_1' title='bbox 58 345 166 406; x_wconf 59' lang='lat' dir='ltr'>som</span> <span class='ocrx_word' id='word_1_2' title='bbox 254 306 408 404; x_wconf 77' lang='lat' dir='ltr'>meror.</span> <span class='ocrx_word' id='word_1_3' title='bbox 427 345 500 402; x_wconf 83' lang='lat' dir='ltr'>um.</span> <span class='ocrx_word' id='word_1_4' title='bbox 519 343 728 404; x_wconf 73' lang='lat' dir='ltr'>secururs</span> <span class='ocrx_word' id='word_1_5' title='bbox 909 341 944 402; x_wconf 74' lang='lat' dir='ltr'><em>n</em></span> 
     </span>
    </p>
   </div>
   <div class='ocr_carea' id='block_1_2' title="bbox 20 491 999 2648">
    <p class='ocr_par' dir='ltr' id='par_1_2' title="bbox 20 491 999 2648">
     <span class='ocr_line' id='line_1_2' title="bbox 62 491 945 572; baseline 0 -22"><span class='ocrx_word' id='word_1_6' title='bbox 62 499 94 562; x_wconf 84' lang='lat' dir='ltr'>ta,</span> <span class='ocrx_word' id='word_1_7' title='bbox 113 499 141 550; x_wconf 88' lang='lat' dir='ltr'>et</span> <span class='ocrx_word' id='word_1_8' title='bbox 163 511 316 552; x_wconf 72' lang='lat' dir='ltr'>senescens</span> <span class='ocrx_word' id='word_1_9' title='bbox 341 496 481 554; x_wconf 83' lang='lat' dir='ltr'>exercitlls</span> <span class='ocrx_word' id='word_1_10' title='bbox 506 495 550 554; x_wconf 90' lang='lat' dir='ltr'>sui</span> <span class='ocrx_word' id='word_1_11' title='bbox 569 493 657 554; x_wconf 78' lang='lat' dir='ltr'>lama:</span> <span class='ocrx_word' id='word_1_12' title='bbox 679 497 777 572; x_wconf 86' lang='lat' dir='ltr'>pulsus</span> <span class='ocrx_word' id='word_1_13' title='bbox 791 491 945 562; x_wconf 73' lang='lat' dir='ltr'>Placentii,</span> 
     </span>
     <span class='ocr_line' id='line_1_3' title="bbox 62 569 946 648; baseline 0.002 -23"><span class='ocrx_word' id='word_1_14' title='bbox 62 571 138 627; x_wconf 80' lang='lat' dir='ltr'>cesis</span> <span class='ocrx_word' id='word_1_15' title='bbox 151 587 244 645; x_wconf 89' lang='lat' dir='ltr'>nuper</span> <span class='ocrx_word' id='word_1_16' title='bbox 254 569 374 638; x_wconf 76' lang='lat' dir='ltr'>auxiliis,</span> <span class='ocrx_word' id='word_1_17' title='bbox 388 574 470 630; x_wconf 73' lang='lat' dir='ltr'>esiam</span> <span class='ocrx_word' id='word_1_18' title='bbox 480 591 535 648; x_wconf 90' lang='lat' dir='ltr'>per</span> <span class='ocrx_word' id='word_1_19' title='bbox 546 591 714 633; x_wconf 87' lang='lat' dir='ltr'>concursum</span> <span class='ocrx_word' id='word_1_20' title='bbox 724 573 946 648; x_wconf 80' lang='lat' dir='ltr'>exploratorum,</span> 
     </span>
     <span class='ocr_line' id='line_1_4' title="bbox 62 645 947 726; baseline 0.001 -24"><span class='ocrx_word' id='word_1_21' title='bbox 62 647 158 703; x_wconf 89' lang='lat' dir='ltr'>crebra</span> <span class='ocrx_word' id='word_1_22' title='bbox 183 647 268 721; x_wconf 88' lang='lat' dir='ltr'>magis</span> <span class='ocrx_word' id='word_1_23' title='bbox 295 648 378 721; x_wconf 76' lang='lat' dir='ltr'>quim</span> <span class='ocrx_word' id='word_1_24' title='bbox 401 646 483 720; x_wconf 81' lang='lat' dir='ltr'>digna</span> <span class='ocrx_word' id='word_1_25' title='bbox 504 659 660 709; x_wconf 84' lang='lat' dir='ltr'>memoratu</span> <span class='ocrx_word' id='word_1_26' title='bbox 682 651 795 726; x_wconf 81' lang='lat' dir='ltr'>proelia,</span> <span class='ocrx_word' id='word_1_27' title='bbox 818 645 947 716; x_wconf 77' lang='lat' dir='ltr'>inferior,</span> 
     </span>
     <span class='ocr_line' id='line_1_5' title="bbox 61 721 948 798; baseline 0.002 -20"><span class='ocrx_word' id='word_1_28' title='bbox 61 723 265 798; x_wconf 79' lang='lat' dir='ltr'>propinquante</span> <span class='ocrx_word' id='word_1_29' title='bbox 278 723 367 780; x_wconf 84' lang='lat' dir='ltr'>Fabio</span> <span class='ocrx_word' id='word_1_30' title='bbox 381 721 513 792; x_wconf 85' lang='lat' dir='ltr'>Valente,</span> <span class='ocrx_word' id='word_1_31' title='bbox 533 741 570 780; x_wconf 86' lang='lat' dir='ltr'>ne</span> <span class='ocrx_word' id='word_1_32' title='bbox 592 745 675 786; x_wconf 88' lang='lat' dir='ltr'>omne</span> <span class='ocrx_word' id='word_1_33' title='bbox 687 727 757 784; x_wconf 89' lang='lat' dir='ltr'>belli</span> <span class='ocrx_word' id='word_1_34' title='bbox 769 726 857 784; x_wconf 82' lang='lat' dir='ltr'>decm</span> <span class='ocrx_word' id='word_1_35' title='bbox 880 724 948 782; x_wconf 89' lang='lat' dir='ltr'>illuc</span> 
     </span>
     <span class='ocr_line' id='line_1_6' title="bbox 61 799 948 876; baseline 0.002 -22"><span class='ocrx_word' id='word_1_36' title='bbox 61 801 239 870; x_wconf 74' lang='lat' dir='ltr'>concederet,</span> <span class='ocrx_word' id='word_1_37' title='bbox 253 801 418 876; x_wconf 81' lang='lat' dir='ltr'>reciperare</span> <span class='ocrx_word' id='word_1_38' title='bbox 431 800 558 874; x_wconf 81' lang='lat' dir='ltr'>glorium,</span> <span class='ocrx_word' id='word_1_39' title='bbox 573 799 678 858; x_wconf 73' lang='lat' dir='ltr'>avidius</span> <span class='ocrx_word' id='word_1_40' title='bbox 692 805 775 876; x_wconf 83' lang='lat' dir='ltr'>qu&#39;am</span> <span class='ocrx_word' id='word_1_41' title='bbox 784 801 948 868; x_wconf 77' lang='lat' dir='ltr'>consultius,</span> 
     </span>
     <span class='ocr_line' id='line_1_7' title="bbox 61 875 948 957; baseline 0.003 -24"><span class='ocrx_word' id='word_1_42' title='bbox 61 879 240 952; x_wconf 81' lang='lat' dir='ltr'>properabat.</span> <span class='ocrx_word' id='word_1_43' title='bbox 281 877 325 934; x_wconf 85' lang='lat' dir='ltr'>Ad</span> <span class='ocrx_word' id='word_1_44' title='bbox 337 877 534 939; x_wconf 80' lang='lat' dir='ltr'>duodecimum</span> <span class='ocrx_word' id='word_1_45' title='bbox 547 895 563 933; x_wconf 85' lang='lat' dir='ltr'>a</span> <span class='ocrx_word' id='word_1_46' title='bbox 574 875 718 936; x_wconf 78' lang='lat' dir='ltr'>Cremonh</span> <span class='ocrx_word' id='word_1_47' title='bbox 727 881 819 957; x_wconf 86' lang='lat' dir='ltr'>(locus</span> <span class='ocrx_word' id='word_1_48' title='bbox 833 877 948 936; x_wconf 81' lang='lat' dir='ltr'>Castro·</span> 
     </span>
     <span class='ocr_line' id='line_1_8' title="bbox 61 951 946 1032; baseline 0.003 -23"><span class='ocrx_word' id='word_1_49' title='bbox 61 972 121 1009; x_wconf 88' lang='lat' dir='ltr'>rum</span> <span class='ocrx_word' id='word_1_50' title='bbox 153 952 286 1032; x_wconf 81' lang='lat' dir='ltr'>vocatur)</span> <span class='ocrx_word' id='word_1_51' title='bbox 321 951 512 1012; x_wconf 73' lang='lat' dir='ltr'>ferocissimos</span> <span class='ocrx_word' id='word_1_52' title='bbox 535 953 714 1010; x_wconf 81' lang='lat' dir='ltr'>auxiliarium</span> <span class='ocrx_word' id='word_1_53' title='bbox 740 953 946 1014; x_wconf 79' lang='lat' dir='ltr'>imminentibus</span> 
     </span>
     <span class='ocr_line' id='line_1_9' title="bbox 62 1030 948 1106; baseline 0.002 -20"><span class='ocrx_word' id='word_1_54' title='bbox 62 1030 114 1086; x_wconf 76' lang='lat' dir='ltr'>vic</span> <span class='ocrx_word' id='word_1_55' title='bbox 122 1031 196 1088; x_wconf 88' lang='lat' dir='ltr'>lucis</span> <span class='ocrx_word' id='word_1_56' title='bbox 208 1032 333 1088; x_wconf 88' lang='lat' dir='ltr'>occultos</span> <span class='ocrx_word' id='word_1_57' title='bbox 341 1031 502 1104; x_wconf 80' lang='lat' dir='ltr'>componit:</span> <span class='ocrx_word' id='word_1_58' title='bbox 518 1030 628 1106; x_wconf 80' lang='lat' dir='ltr'>equites</span> <span class='ocrx_word' id='word_1_59' title='bbox 641 1030 818 1104; x_wconf 84' lang='lat' dir='ltr'>‘procedere</span> <span class='ocrx_word' id='word_1_60' title='bbox 832 1030 948 1105; x_wconf 82' lang='lat' dir='ltr'>longiirs&#39;</span> 
     </span>
     <span class='ocr_line' id='line_1_10' title="bbox 54 1103 999 1181; baseline 0.002 -19"><span class='ocrx_word' id='word_1_61' title='bbox 54 1107 138 1181; x_wconf 87' lang='lat' dir='ltr'>jussi,</span> <span class='ocrx_word' id='word_1_62' title='bbox 153 1115 161 1141; x_wconf 83' lang='lat'><strong>‘</strong></span> <span class='ocrx_word' id='word_1_63' title='bbox 175 1115 206 1162; x_wconf 89' lang='lat' dir='ltr'>et</span> <span class='ocrx_word' id='word_1_64' title='bbox 216 1106 326 1162; x_wconf 88' lang='lat' dir='ltr'>inritato</span> <span class='ocrx_word' id='word_1_65' title='bbox 339 1105 442 1179; x_wconf 71' lang='lat' dir='ltr'>proelio</span> <span class='ocrx_word' id='word_1_66' title='bbox 455 1107 553 1180; x_wconf 75' lang='lat' dir='ltr'>sponte</span> <span class='ocrx_word' id='word_1_67' title='bbox 567 1103 670 1180; x_wconf 80' lang='lat' dir='ltr'>refugi,</span> <span class='ocrx_word' id='word_1_68' title='bbox 690 1105 893 1164; x_wconf 81' lang='lat' dir='ltr'>festinationem</span> <span class='ocrx_word' id='word_1_69' title='bbox 905 1125 949 1164; x_wconf 87' lang='lat' dir='ltr'>se·</span> <span class='ocrx_word' id='word_1_70' title='bbox 992 1150 999 1164; x_wconf 89' lang='lat'><strong>.</strong></span> 
     </span>
     <span class='ocr_line' id='line_1_11' title="bbox 60 1181 950 1256; baseline 0.002 -18"><span class='ocrx_word' id='word_1_71' title='bbox 60 1184 229 1256; x_wconf 84' lang='lat' dir='ltr'>‘quentium</span> <span class='ocrx_word' id='word_1_72' title='bbox 249 1182 366 1249; x_wconf 88' lang='lat' dir='ltr'>elicere,</span> <span class='ocrx_word' id='word_1_73' title='bbox 385 1181 477 1238; x_wconf 88' lang='lat' dir='ltr'>donec</span> <span class='ocrx_word' id='word_1_74' title='bbox 497 1181 604 1240; x_wconf 81' lang='lat' dir='ltr'>insidiae</span> <span class='ocrx_word' id='word_1_75' title='bbox 624 1182 812 1238; x_wconf 89' lang='lat' dir='ltr'>coorirentnr.</span> <span class='ocrx_word' id='word_1_76' title='bbox 853 1181 950 1240; x_wconf 88' lang='lat' dir='ltr'>Prodi·</span> 
     </span>
     <span class='ocr_line' id='line_1_12' title="bbox 61 1256 975 1332; baseline 0.001 -16"><span class='ocrx_word' id='word_1_77' title='bbox 61 1267 120 1316; x_wconf 88' lang='lat' dir='ltr'>lum</span> <span class='ocrx_word' id='word_1_78' title='bbox 143 1259 172 1315; x_wconf 90' lang='lat' dir='ltr'>id</span> <span class='ocrx_word' id='word_1_79' title='bbox 200 1258 364 1316; x_wconf 89' lang='lat' dir='ltr'>Othonianis</span> <span class='ocrx_word' id='word_1_80' title='bbox 387 1258 523 1316; x_wconf 87' lang='lat' dir='ltr'>ducibus:</span> <span class='ocrx_word' id='word_1_81' title='bbox 546 1267 575 1316; x_wconf 93' lang='lat' dir='ltr'>et</span> <span class='ocrx_word' id='word_1_82' title='bbox 588 1275 686 1328; x_wconf 78' lang='lat' dir='ltr'>curem</span> <span class='ocrx_word' id='word_1_83' title='bbox 706 1256 829 1332; x_wconf 88' lang='lat' dir='ltr'>peditum</span> <span class='ocrx_word' id='word_1_84' title='bbox 849 1256 951 1316; x_wconf 77' lang='lat' dir='ltr'>Paulli·</span> <span class='ocrx_word' id='word_1_85' title='bbox 972 1305 975 1317; x_wconf 79' lang='grc'>,</span> 
     </span>
     <span class='ocr_line' id='line_1_13' title="bbox 62 1333 953 1412; baseline 0 -20"><span class='ocrx_word' id='word_1_86' title='bbox 62 1355 123 1404; x_wconf 89' lang='lat' dir='ltr'>nus,</span> <span class='ocrx_word' id='word_1_87' title='bbox 138 1336 265 1412; x_wconf 88' lang='lat' dir='ltr'>equitum</span> <span class='ocrx_word' id='word_1_88' title='bbox 279 1335 391 1402; x_wconf 87' lang='lat' dir='ltr'>Celsus,</span> <span class='ocrx_word' id='word_1_89' title='bbox 406 1353 563 1410; x_wconf 82' lang='lat' dir='ltr'>sumpsere.</span> <span class='ocrx_word' id='word_1_90' title='bbox 594 1333 822 1394; x_wconf 76' lang='lat' dir='ltr'>Tertisedecime</span> <span class='ocrx_word' id='word_1_91' title='bbox 836 1335 953 1410; x_wconf 79' lang='lat' dir='ltr'>legionis</span> 
     </span>
     <span class='ocr_line' id='line_1_14' title="bbox 63 1412 954 1490; baseline 0 -20"><span class='ocrx_word' id='word_1_92' title='bbox 63 1415 209 1483; x_wconf 78' lang='lat' dir='ltr'>vexillum,</span> <span class='ocrx_word' id='word_1_93' title='bbox 244 1419 364 1488; x_wconf 81' lang='lat' dir='ltr'>quatuor</span> <span class='ocrx_word' id='word_1_94' title='bbox 397 1412 565 1470; x_wconf 86' lang='lat' dir='ltr'>auxiliorum</span> <span class='ocrx_word' id='word_1_95' title='bbox 591 1413 735 1482; x_wconf 84' lang='lat' dir='ltr'>cohortes,</span> <span class='ocrx_word' id='word_1_96' title='bbox 756 1420 787 1470; x_wconf 87' lang='lat' dir='ltr'>et</span> <span class='ocrx_word' id='word_1_97' title='bbox 811 1413 954 1490; x_wconf 80' lang='lat' dir='ltr'>quingenti</span> 
     </span>
     <span class='ocr_line' id='line_1_15' title="bbox 65 1489 954 1566; baseline 0.006 -20"><span class='ocrx_word' id='word_1_98' title='bbox 65 1491 172 1564; x_wconf 88' lang='lat' dir='ltr'>equites</span> <span class='ocrx_word' id='word_1_99' title='bbox 184 1492 214 1548; x_wconf 88' lang='lat' dir='ltr'>in</span> <span class='ocrx_word' id='word_1_100' title='bbox 227 1491 340 1557; x_wconf 85' lang='lat' dir='ltr'>sinistro</span> <span class='ocrx_word' id='word_1_101' title='bbox 363 1491 508 1548; x_wconf 81' lang='lat' dir='ltr'>locantur:</span> <span class='ocrx_word' id='word_1_102' title='bbox 530 1507 661 1565; x_wconf 79' lang='lat' dir='ltr'>aggerem</span> <span class='ocrx_word' id='word_1_103' title='bbox 672 1491 726 1548; x_wconf 79' lang='lat' dir='ltr'>viae</span> <span class='ocrx_word' id='word_1_104' title='bbox 737 1497 797 1548; x_wconf 83' lang='lat' dir='ltr'>tres</span> <span class='ocrx_word' id='word_1_105' title='bbox 810 1489 954 1566; x_wconf 74' lang='lat' dir='ltr'>pretoriae</span> 
     </span>
     <span class='ocr_line' id='line_1_16' title="bbox 66 1565 953 1644; baseline 0.005 -22"><span class='ocrx_word' id='word_1_106' title='bbox 66 1567 205 1638; x_wconf 84' lang='lat' dir='ltr'>cohortes,</span> <span class='ocrx_word' id='word_1_107' title='bbox 227 1568 289 1624; x_wconf 81' lang='lat' dir='ltr'>eltis</span> <span class='ocrx_word' id='word_1_108' title='bbox 303 1567 459 1624; x_wconf 85' lang='lat' dir='ltr'>ordinibusl</span> <span class='ocrx_word' id='word_1_109' title='bbox 484 1567 651 1624; x_wconf 84' lang='lat' dir='ltr'>obtinuere:</span> <span class='ocrx_word' id='word_1_110' title='bbox 674 1568 774 1625; x_wconf 75' lang='lat' dir='ltr'>dextri</span> <span class='ocrx_word' id='word_1_111' title='bbox 787 1565 881 1626; x_wconf 77' lang='lat' dir='ltr'>fronte</span> <span class='ocrx_word' id='word_1_112' title='bbox 895 1568 953 1644; x_wconf 85' lang='lat' dir='ltr'>pri·</span> 
     </span>
     <span class='ocr_line' id='line_1_17' title="bbox 65 1643 953 1720; baseline 0.002 -21"><span class='ocrx_word' id='word_1_113' title='bbox 65 1659 107 1700; x_wconf 82' lang='lat' dir='ltr'>ma</span> <span class='ocrx_word' id='word_1_114' title='bbox 131 1646 205 1720; x_wconf 86' lang='lat' dir='ltr'>legio</span> <span class='ocrx_word' id='word_1_115' title='bbox 231 1645 356 1713; x_wconf 85' lang='lat' dir='ltr'>incessit,</span> <span class='ocrx_word' id='word_1_116' title='bbox 379 1663 445 1702; x_wconf 89' lang='lat' dir='ltr'>cum</span> <span class='ocrx_word' id='word_1_117' title='bbox 469 1643 574 1704; x_wconf 87' lang='lat' dir='ltr'>duabus</span> <span class='ocrx_word' id='word_1_118' title='bbox 585 1643 764 1702; x_wconf 83' lang='lat' dir='ltr'>auxiliaribus</span> <span class='ocrx_word' id='word_1_119' title='bbox 777 1645 953 1714; x_wconf 86' lang='lat' dir='ltr'>cohortibus,</span> 
     </span>
     <span class='ocr_line' id='line_1_18' title="bbox 68 1723 954 1798; baseline 0.003 -22"><span class='ocrx_word' id='word_1_120' title='bbox 68 1727 94 1776; x_wconf 89' lang='lat' dir='ltr'>et</span> <span class='ocrx_word' id='word_1_121' title='bbox 106 1724 263 1798; x_wconf 84' lang='lat' dir='ltr'>quingentis</span> <span class='ocrx_word' id='word_1_122' title='bbox 285 1723 434 1797; x_wconf 83' lang='lat' dir='ltr'>equitibus.</span> <span class='ocrx_word' id='word_1_123' title='bbox 478 1723 570 1798; x_wconf 89' lang='lat' dir='ltr'>Super</span> <span class='ocrx_word' id='word_1_124' title='bbox 584 1724 637 1780; x_wconf 90' lang='lat' dir='ltr'>hos</span> <span class='ocrx_word' id='word_1_125' title='bbox 651 1741 667 1779; x_wconf 90' lang='lat' dir='ltr'>e</span> <span class='ocrx_word' id='word_1_126' title='bbox 681 1723 816 1798; x_wconf 80' lang='lat' dir='ltr'>praetorio</span> <span class='ocrx_word' id='word_1_127' title='bbox 830 1723 954 1780; x_wconf 81' lang='lat' dir='ltr'>auxiliis-</span> 
     </span>
     <span class='ocr_line' id='line_1_19' title="bbox 68 1799 953 1876; baseline 0.003 -22"><span class='ocrx_word' id='word_1_128' title='bbox 68 1816 119 1872; x_wconf 90' lang='lat' dir='ltr'>que</span> <span class='ocrx_word' id='word_1_129' title='bbox 132 1801 210 1858; x_wconf 89' lang='lat' dir='ltr'>mille</span> <span class='ocrx_word' id='word_1_130' title='bbox 225 1801 345 1876; x_wconf 87' lang='lat' dir='ltr'>equites,</span> <span class='ocrx_word' id='word_1_131' title='bbox 369 1801 496 1858; x_wconf 90' lang='lat' dir='ltr'>cumulus</span> <span class='ocrx_word' id='word_1_132' title='bbox 513 1799 670 1876; x_wconf 86' lang='lat' dir='ltr'>prosperis,</span> <span class='ocrx_word' id='word_1_133' title='bbox 692 1806 739 1856; x_wconf 83' lang='lat' dir='ltr'>ent</span> <span class='ocrx_word' id='word_1_134' title='bbox 751 1800 905 1858; x_wconf 89' lang='lat' dir='ltr'>subsidium</span> <span class='ocrx_word' id='word_1_135' title='bbox 914 1800 953 1857; x_wconf 82' lang='lat' dir='ltr'>le·</span> 
     </span>
     <span class='ocr_line' id='line_1_20' title="bbox 67 1874 640 1946; baseline 0.005 -15"><span class='ocrx_word' id='word_1_136' title='bbox 67 1874 240 1946; x_wconf 80' lang='lat' dir='ltr'>hornntihus,</span> <span class='ocrx_word' id='word_1_137' title='bbox 261 1877 445 1934; x_wconf 86' lang='lat' dir='ltr'>ducebantur.</span> <span class='ocrx_word' id='word_1_138' title='bbox 517 1926 521 1934; x_wconf 93' lang='lat'>.</span> <span class='ocrx_word' id='word_1_139' title='bbox 637 1921 640 1928; x_wconf 39' lang='lat' dir='ltr'>i</span> 
     </span>
     <span class='ocr_line' id='line_1_21' title="bbox 104 1953 955 2030; baseline 0.007 -21"><span class='ocrx_word' id='word_1_140' title='bbox 104 1953 194 2012; x_wconf 88' lang='lat' dir='ltr'>XXV.</span> <span class='ocrx_word' id='word_1_141' title='bbox 238 1956 395 2029; x_wconf 81' lang='lat' dir='ltr'>Antequam</span> <span class='ocrx_word' id='word_1_142' title='bbox 420 1955 609 2014; x_wconf 89' lang='lat' dir='ltr'>miscerentur</span> <span class='ocrx_word' id='word_1_143' title='bbox 621 1957 706 2025; x_wconf 85' lang='lat' dir='ltr'>ecies,</span> <span class='ocrx_word' id='word_1_144' title='bbox 726 1965 807 2030; x_wconf 84' lang='lat' dir='ltr'>terga</span> <span class='ocrx_word' id='word_1_145' title='bbox 818 1957 955 2014; x_wconf 85' lang='lat' dir='ltr'>vertenti-</span> 
     </span>
     <span class='ocr_line' id='line_1_22' title="bbox 20 2027 955 2108; baseline 0.005 -25"><span class='ocrx_word' id='word_1_146' title='bbox 20 2051 22 2056; x_wconf 48' lang='lat'>*</span> <span class='ocrx_word' id='word_1_147' title='bbox 68 2027 117 2087; x_wconf 88' lang='lat' dir='ltr'>bus</span> <span class='ocrx_word' id='word_1_148' title='bbox 142 2031 313 2099; x_wconf 86' lang='lat' dir='ltr'>Vitellianis,</span> <span class='ocrx_word' id='word_1_149' title='bbox 346 2030 448 2088; x_wconf 85' lang='lat' dir='ltr'>Celsus</span> <span class='ocrx_word' id='word_1_150' title='bbox 481 2034 538 2089; x_wconf 94' lang='lat' dir='ltr'>doli</span> <span class='ocrx_word' id='word_1_151' title='bbox 551 2032 688 2108; x_wconf 87' lang='lat' dir='ltr'>prudens,</span> <span class='ocrx_word' id='word_1_152' title='bbox 715 2034 859 2108; x_wconf 84' lang='lat' dir='ltr'>repressit</span> <span class='ocrx_word' id='word_1_153' title='bbox 879 2051 955 2089; x_wconf 89' lang='lat' dir='ltr'>suos.</span> 
     </span>
     <span class='ocr_line' id='line_1_23' title="bbox 70 2103 956 2183; baseline 0.005 -20"><span class='ocrx_word' id='word_1_154' title='bbox 70 2103 210 2168; x_wconf 85' lang='lat' dir='ltr'>Vitelliani</span> <span class='ocrx_word' id='word_1_155' title='bbox 233 2119 342 2168; x_wconf 88' lang='lat' dir='ltr'>temere</span> <span class='ocrx_word' id='word_1_156' title='bbox 369 2117 564 2183; x_wconf 87' lang='lat' dir='ltr'>exsurgentes,</span> <span class='ocrx_word' id='word_1_157' title='bbox 592 2107 712 2166; x_wconf 89' lang='lat' dir='ltr'>cedente</span> <span class='ocrx_word' id='word_1_158' title='bbox 735 2110 838 2166; x_wconf 87' lang='lat' dir='ltr'>sensim</span> <span class='ocrx_word' id='word_1_159' title='bbox 857 2109 956 2179; x_wconf 84' lang='lat' dir='ltr'>Celso,</span> 
     </span>
     <span class='ocr_line' id='line_1_24' title="bbox 70 2182 956 2261; baseline 0.008 -24"><span class='ocrx_word' id='word_1_160' title='bbox 70 2182 172 2258; x_wconf 84' lang='lat' dir='ltr'>longihs</span> <span class='ocrx_word' id='word_1_161' title='bbox 185 2189 287 2255; x_wconf 89' lang='lat' dir='ltr'>secuti,</span> <span class='ocrx_word' id='word_1_162' title='bbox 301 2187 375 2244; x_wconf 89' lang='lat' dir='ltr'>ultro</span> <span class='ocrx_word' id='word_1_163' title='bbox 389 2187 418 2243; x_wconf 91' lang='lat' dir='ltr'>in</span> <span class='ocrx_word' id='word_1_164' title='bbox 431 2186 544 2244; x_wconf 82' lang='lat' dir='ltr'>insidias</span> <span class='ocrx_word' id='word_1_165' title='bbox 558 2185 647 2261; x_wconf 81' lang='lat' dir='ltr'>praeci</span> <span class='ocrx_word' id='word_1_166' title='bbox 669 2185 789 2244; x_wconf 80' lang='lat' dir='ltr'>llantur:</span> <span class='ocrx_word' id='word_1_167' title='bbox 812 2205 876 2244; x_wconf 85' lang='lat' dir='ltr'>narn</span> <span class='ocrx_word' id='word_1_168' title='bbox 887 2206 903 2243; x_wconf 85' lang='lat' dir='ltr'>a</span> <span class='ocrx_word' id='word_1_169' title='bbox 916 2187 956 2246; x_wconf 83' lang='lat' dir='ltr'>la-</span> 
     </span>
     <span class='ocr_line' id='line_1_25' title="bbox 70 2204 956 2344; baseline 0.007 -28"><span class='ocrx_word' id='word_1_170' title='bbox 70 2264 171 2322; x_wconf 88' lang='lat' dir='ltr'>teribus</span> <span class='ocrx_word' id='word_1_171' title='bbox 185 2267 332 2331; x_wconf 88' lang='lat' dir='ltr'>cohortes,</span> <span class='ocrx_word' id='word_1_172' title='bbox 356 2264 496 2338; x_wconf 87' lang='lat' dir='ltr'>legionum</span> <span class='ocrx_word' id='word_1_173' title='bbox 510 2264 628 2344; x_wconf 77' lang='lat' dir='ltr'>adversa</span> <span class='ocrx_word' id='word_1_174' title='bbox 640 2204 729 2332; x_wconf 61' lang='lat' dir='ltr'>lions,</span> <span class='ocrx_word' id='word_1_175' title='bbox 744 2272 773 2322; x_wconf 88' lang='lat' dir='ltr'>et</span> <span class='ocrx_word' id='word_1_176' title='bbox 785 2263 892 2324; x_wconf 75' lang='lat' dir='ltr'>subito2</span> <span class='ocrx_word' id='word_1_177' title='bbox 901 2265 956 2322; x_wconf 87' lang='lat' dir='ltr'>dis·</span> 
     </span>
     <span class='ocr_line' id='line_1_26' title="bbox 70 2341 956 2418; baseline 0.011 -26"><span class='ocrx_word' id='word_1_178' title='bbox 70 2355 148 2397; x_wconf 90' lang='lat' dir='ltr'>cursu</span> <span class='ocrx_word' id='word_1_179' title='bbox 159 2351 242 2416; x_wconf 84' lang='lat' dir='ltr'>terga</span> <span class='ocrx_word' id='word_1_180' title='bbox 255 2343 401 2400; x_wconf 79' lang='lat' dir='ltr'>cinxerant</span> <span class='ocrx_word' id='word_1_181' title='bbox 426 2343 547 2418; x_wconf 88' lang='lat' dir='ltr'>equites.</span> <span class='ocrx_word' id='word_1_182' title='bbox 589 2341 703 2417; x_wconf 84' lang='lat' dir='ltr'>Signum</span> <span class='ocrx_word' id='word_1_183' title='bbox 721 2361 821 2418; x_wconf 70' lang='lat' dir='ltr'>pugne</span> <span class='ocrx_word' id='word_1_184' title='bbox 837 2361 892 2402; x_wconf 93' lang='lat' dir='ltr'>non</span> <span class='ocrx_word' id='word_1_185' title='bbox 902 2351 956 2402; x_wconf 80' lang='lat' dir='ltr'>sta-</span> 
     </span>
     <span class='ocr_line' id='line_1_27' title="bbox 70 2414 956 2495; baseline 0.008 -24"><span class='ocrx_word' id='word_1_186' title='bbox 70 2414 116 2472; x_wconf 79' lang='lat' dir='ltr'>tin</span> <span class='ocrx_word' id='word_1_187' title='bbox 128 2437 144 2474; x_wconf 91' lang='lat' dir='ltr'>a</span> <span class='ocrx_word' id='word_1_188' title='bbox 156 2419 292 2477; x_wconf 85' lang='lat' dir='ltr'>Suetonio</span> <span class='ocrx_word' id='word_1_189' title='bbox 316 2419 443 2478; x_wconf 86' lang='lat' dir='ltr'>Paullino</span> <span class='ocrx_word' id='word_1_190' title='bbox 457 2420 544 2495; x_wconf 89' lang='lat' dir='ltr'>pediti</span> <span class='ocrx_word' id='word_1_191' title='bbox 557 2420 670 2478; x_wconf 84' lang='lat' dir='ltr'>datum:</span> <span class='ocrx_word' id='word_1_192' title='bbox 686 2429 834 2479; x_wconf 88' lang='lat' dir='ltr'>cunctator</span> <span class='ocrx_word' id='word_1_193' title='bbox 847 2423 956 2489; x_wconf 70' lang='lat' dir='ltr'>naturis,</span> 
     </span>
     <span class='ocr_line' id='line_1_28' title="bbox 71 2496 959 2572; baseline 0.006 -24"><span class='ocrx_word' id='word_1_194' title='bbox 71 2498 98 2548; x_wconf 81' lang='lat' dir='ltr'>et</span> <span class='ocrx_word' id='word_1_195' title='bbox 106 2496 150 2552; x_wconf 91' lang='lat' dir='ltr'>cui</span> <span class='ocrx_word' id='word_1_196' title='bbox 163 2505 246 2554; x_wconf 82' lang='lat' dir='ltr'>cauta</span> <span class='ocrx_word' id='word_1_197' title='bbox 259 2498 351 2572; x_wconf 77' lang='lat' dir='ltr'>potius</span> <span class='ocrx_word' id='word_1_198' title='bbox 364 2499 479 2555; x_wconf 87' lang='lat' dir='ltr'>consiha</span> <span class='ocrx_word' id='word_1_199' title='bbox 502 2517 567 2554; x_wconf 87' lang='lat' dir='ltr'>curn</span> <span class='ocrx_word' id='word_1_200' title='bbox 590 2498 709 2563; x_wconf 82' lang='lat' dir='ltr'>ratione,</span> <span class='ocrx_word' id='word_1_201' title='bbox 724 2500 807 2570; x_wconf 70' lang='lat' dir='ltr'>quim</span> <span class='ocrx_word' id='word_1_202' title='bbox 820 2515 959 2572; x_wconf 83' lang='lat' dir='ltr'>prospera</span> 
     </span>
     <span class='ocr_line' id='line_1_29' title="bbox 72 2571 958 2648; baseline 0.002 -22"><span class='ocrx_word' id='word_1_203' title='bbox 72 2585 105 2626; x_wconf 81' lang='lat' dir='ltr'>ex</span> <span class='ocrx_word' id='word_1_204' title='bbox 124 2591 191 2632; x_wconf 82' lang='lat' dir='ltr'>casu</span> <span class='ocrx_word' id='word_1_205' title='bbox 214 2576 372 2648; x_wconf 85' lang='lat' dir='ltr'>placerent,</span> <span class='ocrx_word' id='word_1_206' title='bbox 383 2583 390 2607; x_wconf 87' lang='lat'>‘</span> <span class='ocrx_word' id='word_1_207' title='bbox 401 2575 539 2646; x_wconf 89' lang='lat' dir='ltr'>compleri</span> <span class='ocrx_word' id='word_1_208' title='bbox 562 2571 677 2640; x_wconf 59' lang='lat' dir='ltr'>insessi</span> <span class='ocrx_word' id='word_1_209' title='bbox 700 2572 806 2644; x_wconf 86' lang='lat' dir='ltr'>aperiri</span> <span class='ocrx_word' id='word_1_210' title='bbox 819 2591 958 2646; x_wconf 77' lang='lat' dir='ltr'>campum,</span> 
     </span>
    </p>
   </div>
   <div class='ocr_carea' id='block_1_3' title="bbox 34 2717 1072 3613">
    <p class='ocr_par' dir='ltr' id='par_1_3' title="bbox 34 2717 1072 3613">
     <span class='ocr_line' id='line_1_30' title="bbox 105 2717 959 2791; baseline 0.005 -16"><span class='ocrx_word' id='word_1_211' title='bbox 105 2728 120 2775; x_wconf 88' lang='lat'>1</span> <span class='ocrx_word' id='word_1_212' title='bbox 133 2725 205 2776; x_wconf 70' lang='lat' dir='ltr'>Alth</span> <span class='ocrx_word' id='word_1_213' title='bbox 217 2723 365 2776; x_wconf 77' lang='lat' dir='ltr'>ordinibus.</span> <span class='ocrx_word' id='word_1_214' title='bbox 385 2723 431 2774; x_wconf 82' lang='lat' dir='ltr'>Ite</span> <span class='ocrx_word' id='word_1_215' title='bbox 450 2735 515 2772; x_wconf 86' lang='lat' dir='ltr'>cum</span> <span class='ocrx_word' id='word_1_216' title='bbox 527 2721 602 2772; x_wconf 77' lang='lat' dir='ltr'>Flor.</span> <span class='ocrx_word' id='word_1_217' title='bbox 614 2717 720 2787; x_wconf 85' lang='lat' dir='ltr'>primus</span> <span class='ocrx_word' id='word_1_218' title='bbox 729 2722 815 2775; x_wconf 81' lang='lat' dir='ltr'>edidit</span> <span class='ocrx_word' id='word_1_219' title='bbox 826 2723 959 2791; x_wconf 82' lang='lat' dir='ltr'>Ryckius,</span> 
     </span>
     <span class='ocr_line' id='line_1_31' title="bbox 74 2780 841 2858; baseline -0.009 -14"><span class='ocrx_word' id='word_1_220' title='bbox 74 2803 98 2844; x_wconf 88' lang='lat' dir='ltr'>et</span> <span class='ocrx_word' id='word_1_221' title='bbox 109 2803 247 2846; x_wconf 82' lang='lat' dir='ltr'>consonat</span> <span class='ocrx_word' id='word_1_222' title='bbox 259 2791 374 2858; x_wconf 87' lang='lat' dir='ltr'>Regius.</span> <span class='ocrx_word' id='word_1_223' title='bbox 410 2788 589 2856; x_wconf 72' lang='lat' dir='ltr'>Vulgdortis.</span> <span class='ocrx_word' id='word_1_224' title='bbox 835 2780 841 2803; x_wconf 87' lang='lat'><strong>¹</strong></span> 
     </span>
     <span class='ocr_line' id='line_1_32' title="bbox 105 2855 962 2930; baseline 0.004 -16"><span class='ocrx_word' id='word_1_225' title='bbox 105 2861 211 2917; x_wconf 80' lang='lat' dir='ltr'>2Nom</span> <span class='ocrx_word' id='word_1_226' title='bbox 223 2878 241 2914; x_wconf 88' lang='lat' dir='ltr'><strong><em>a</em></strong></span> <span class='ocrx_word' id='word_1_227' title='bbox 256 2859 385 2914; x_wconf 81' lang='lat' dir='ltr'>luteribus</span> <span class='ocrx_word' id='word_1_228' title='bbox 408 2858 528 2922; x_wconf 76' lang='lat' dir='ltr'>cohortes,</span> <span class='ocrx_word' id='word_1_229' title='bbox 548 2855 684 2928; x_wconf 76' lang='lat' dir='ltr'>legionum</span> <span class='ocrx_word' id='word_1_230' title='bbox 705 2859 816 2914; x_wconf 79' lang='lat' dir='ltr'>adverso</span> <span class='ocrx_word' id='word_1_231' title='bbox 827 2862 919 2930; x_wconf 76' lang='lat' dir='ltr'>from,</span> <span class='ocrx_word' id='word_1_232' title='bbox 938 2869 962 2918; x_wconf 81' lang='lat' dir='ltr'>ct</span> 
     </span>
     <span class='ocr_line' id='line_1_33' title="bbox 34 2928 959 2998; baseline -0.003 -10"><span class='ocrx_word' id='word_1_233' title='bbox 34 2981 36 2988; x_wconf 84' lang='lat'>.</span> <span class='ocrx_word' id='word_1_234' title='bbox 76 2931 166 2998; x_wconf 74' lang='lat' dir='ltr'>subito,</span> <span class='ocrx_word' id='word_1_235' title='bbox 190 2938 234 2986; x_wconf 84' lang='lat' dir='ltr'>etc.</span> <span class='ocrx_word' id='word_1_236' title='bbox 265 2931 310 2986; x_wconf 85' lang='lat' dir='ltr'>Itu</span> <span class='ocrx_word' id='word_1_237' title='bbox 327 2929 401 2982; x_wconf 85' lang='lat' dir='ltr'>Flor.</span> <span class='ocrx_word' id='word_1_238' title='bbox 414 2928 583 2982; x_wconf 75' lang='lat' dir='ltr'>Ononiensis</span> <span class='ocrx_word' id='word_1_239' title='bbox 595 2939 622 2981; x_wconf 85' lang='lat' dir='ltr'>et</span> <span class='ocrx_word' id='word_1_240' title='bbox 634 2929 749 2998; x_wconf 85' lang='lat' dir='ltr'>Regius,</span> <span class='ocrx_word' id='word_1_241' title='bbox 761 2941 790 2983; x_wconf 91' lang='lat' dir='ltr'>et</span> <span class='ocrx_word' id='word_1_242' title='bbox 802 2929 841 2984; x_wconf 90' lang='lat' dir='ltr'>sic</span> <span class='ocrx_word' id='word_1_243' title='bbox 855 2929 959 2986; x_wconf 85' lang='lat' dir='ltr'>Vitelli·</span> 
     </span>
     <span class='ocr_line' id='line_1_34' title="bbox 35 2999 960 3078; baseline 0.009 -30"><span class='ocrx_word' id='word_1_244' title='bbox 35 3015 38 3078; x_wconf 61' lang='lat' dir='ltr'>p</span> <span class='ocrx_word' id='word_1_245' title='bbox 79 3002 120 3052; x_wconf 87' lang='lat' dir='ltr'>nni</span> <span class='ocrx_word' id='word_1_246' title='bbox 132 3020 149 3054; x_wconf 87' lang='lat' dir='ltr'>e</span> <span class='ocrx_word' id='word_1_247' title='bbox 159 3003 292 3056; x_wconf 80' lang='lat' dir='ltr'>lateribus</span> <span class='ocrx_word' id='word_1_248' title='bbox 300 3017 318 3053; x_wconf 83' lang='lat' dir='ltr'>e</span> <span class='ocrx_word' id='word_1_249' title='bbox 329 2999 429 3062; x_wconf 84' lang='lat' dir='ltr'>fronte,</span> <span class='ocrx_word' id='word_1_250' title='bbox 440 3015 456 3052; x_wconf 82' lang='lat' dir='ltr'>s</span> <span class='ocrx_word' id='word_1_251' title='bbox 469 3010 548 3067; x_wconf 88' lang='lat' dir='ltr'>tergo</span> <span class='ocrx_word' id='word_1_252' title='bbox 560 2999 644 3051; x_wconf 88' lang='lat' dir='ltr'>cincti</span> <span class='ocrx_word' id='word_1_253' title='bbox 656 2999 856 3069; x_wconf 81' lang='lat' dir='ltr'>intelliguntur.</span> <span class='ocrx_word' id='word_1_254' title='bbox 882 3001 960 3056; x_wconf 88' lang='lat' dir='ltr'>Editi</span> 
     </span>
     <span class='ocr_line' id='line_1_35' title="bbox 79 3065 853 3142; baseline 0.008 -24"><span class='ocrx_word' id='word_1_255' title='bbox 79 3065 177 3125; x_wconf 81' lang='lat' dir='ltr'>hubent</span> <span class='ocrx_word' id='word_1_256' title='bbox 189 3071 323 3142; x_wconf 80' lang='lat' dir='ltr'>legionum</span> <span class='ocrx_word' id='word_1_257' title='bbox 333 3070 556 3138; x_wconf 81' lang='lat' dir='ltr'>aduersusronic:</span> <span class='ocrx_word' id='word_1_258' title='bbox 576 3069 651 3137; x_wconf 91' lang='lat' dir='ltr'>quod</span> <span class='ocrx_word' id='word_1_259' title='bbox 663 3069 761 3134; x_wconf 71' lang='lat' dir='ltr'>eedem</span> <span class='ocrx_word' id='word_1_260' title='bbox 773 3071 853 3124; x_wconf 88' lang='lat' dir='ltr'>redit.</span> 
     </span>
     <span class='ocr_line' id='line_1_36' title="bbox 109 3137 1072 3214; baseline -0.003 -22"><span class='ocrx_word' id='word_1_261' title='bbox 109 3140 370 3214; x_wconf 79' lang='lat' dir='ltr'>SGomplerisossas.</span> <span class='ocrx_word' id='word_1_262' title='bbox 400 3139 465 3192; x_wconf 91' lang='lat' dir='ltr'>Non</span> <span class='ocrx_word' id='word_1_263' title='bbox 477 3150 642 3204; x_wconf 86' lang='lat' dir='ltr'>castrorum,</span> <span class='ocrx_word' id='word_1_264' title='bbox 654 3139 703 3191; x_wconf 89' lang='lat' dir='ltr'>sed</span> <span class='ocrx_word' id='word_1_265' title='bbox 715 3139 803 3193; x_wconf 83' lang='lat' dir='ltr'>sactes</span> <span class='ocrx_word' id='word_1_266' title='bbox 815 3137 851 3193; x_wconf 85' lang='lat' dir='ltr'>ab</span> <span class='ocrx_word' id='word_1_267' title='bbox 862 3139 961 3194; x_wconf 81' lang='lat' dir='ltr'>incolis</span> <span class='ocrx_word' id='word_1_268' title='bbox 1063 3171 1072 3189; x_wconf 71' lang='lat'>,</span> 
     </span>
     <span class='ocr_line' id='line_1_37' title="bbox 82 3207 961 3280; baseline 0.002 -20"><span class='ocrx_word' id='word_1_269' title='bbox 82 3207 296 3280; x_wconf 71' lang='lat' dir='ltr'>concipiendas</span> <span class='ocrx_word' id='word_1_270' title='bbox 314 3227 409 3278; x_wconf 83' lang='lat' dir='ltr'>equas,</span> <span class='ocrx_word' id='word_1_271' title='bbox 432 3219 459 3264; x_wconf 88' lang='lat' dir='ltr'>et</span> <span class='ocrx_word' id='word_1_272' title='bbox 483 3207 666 3264; x_wconf 82' lang='lat' dir='ltr'>exsiccandos</span> <span class='ocrx_word' id='word_1_273' title='bbox 678 3226 769 3278; x_wconf 81' lang='lat' dir='ltr'>egros,</span> <span class='ocrx_word' id='word_1_274' title='bbox 787 3222 818 3263; x_wconf 89' lang='lat' dir='ltr'>ut</span> <span class='ocrx_word' id='word_1_275' title='bbox 828 3209 961 3277; x_wconf 83' lang='lat' dir='ltr'>plenisin</span> 
     </span>
     <span class='ocr_line' id='line_1_38' title="bbox 82 3273 1024 3348; baseline 0.006 -20"><span class='ocrx_word' id='word_1_276' title='bbox 82 3273 274 3338; x_wconf 88' lang='lat' dir='ltr'>locismosest.</span> <span class='ocrx_word' id='word_1_277' title='bbox 303 3279 395 3333; x_wconf 85' lang='lat' dir='ltr'>Moxe</span> <span class='ocrx_word' id='word_1_278' title='bbox 416 3277 505 3347; x_wconf 80' lang='lat' dir='ltr'>Regio</span> <span class='ocrx_word' id='word_1_279' title='bbox 518 3279 614 3332; x_wconf 86' lang='lat' dir='ltr'>codice</span> <span class='ocrx_word' id='word_1_280' title='bbox 632 3279 759 3332; x_wconf 85' lang='lat' dir='ltr'>dedimus</span> <span class='ocrx_word' id='word_1_281' title='bbox 776 3277 961 3348; x_wconf 77' lang='lat' dir='ltr'>paudioeicm</span> <span class='ocrx_word' id='word_1_282' title='bbox 1021 3329 1024 3347; x_wconf 82' lang='grc'><em>,</em></span> 
     </span>
     <span class='ocr_line' id='line_1_39' title="bbox 78 3341 961 3430; baseline 0.002 -30"><span class='ocrx_word' id='word_1_283' title='bbox 78 3341 161 3420; x_wconf 62' lang='lat' dir='ltr'>iudeis</span> <span class='ocrx_word' id='word_1_284' title='bbox 175 3350 243 3404; x_wconf 80' lang='lat' dir='ltr'>satie</span> <span class='ocrx_word' id='word_1_285' title='bbox 255 3349 304 3402; x_wconf 70' lang='lat' dir='ltr'>cito</span> <span class='ocrx_word' id='word_1_286' title='bbox 323 3347 410 3430; x_wconf 77' lang='lat' dir='ltr'>incipi</span> <span class='ocrx_word' id='word_1_287' title='bbox 426 3347 571 3411; x_wconf 79' lang='lat' dir='ltr'>uictoriam,</span> <span class='ocrx_word' id='word_1_288' title='bbox 590 3346 645 3412; x_wconf 74' lang='lat' dir='ltr'>udi,</span> <span class='ocrx_word' id='word_1_289' title='bbox 668 3352 714 3400; x_wconf 81' lang='lat' dir='ltr'>etc.</span> <span class='ocrx_word' id='word_1_290' title='bbox 725 3349 961 3418; x_wconf 83' lang='lat' dir='ltr'>provulgstorum</span> 
     </span>
     <span class='ocr_line' id='line_1_40' title="bbox 79 3413 959 3486; baseline -0.001 -12"><span class='ocrx_word' id='word_1_291' title='bbox 79 3413 179 3474; x_wconf 70' lang='lat' dir='ltr'>saletas</span> <span class='ocrx_word' id='word_1_292' title='bbox 187 3438 196 3483; x_wconf 66' lang='grc' dir='ltr'>,τ</span> <span class='ocrx_word' id='word_1_293' title='bbox 215 3419 283 3473; x_wconf 62' lang='lat' dir='ltr'>colb</span> <span class='ocrx_word' id='word_1_294' title='bbox 302 3416 352 3471; x_wconf 76' lang='lat' dir='ltr'>cito</span> <span class='ocrx_word' id='word_1_295' title='bbox 362 3415 458 3486; x_wconf 69' lang='lat' dir='ltr'>incipi</span> <span class='ocrx_word' id='word_1_296' title='bbox 467 3415 603 3470; x_wconf 73' lang='lat' dir='ltr'>victoriam</span> <span class='ocrx_word' id='word_1_297' title='bbox 614 3421 698 3482; x_wconf 79' lang='lat' dir='ltr'>retus,</span> <span class='ocrx_word' id='word_1_298' title='bbox 710 3414 765 3481; x_wconf 75' lang='lat' dir='ltr'>uli,</span> <span class='ocrx_word' id='word_1_299' title='bbox 781 3421 826 3472; x_wconf 81' lang='lat' dir='ltr'>etc.</span> <span class='ocrx_word' id='word_1_300' title='bbox 853 3417 959 3473; x_wconf 87' lang='lat' dir='ltr'>Vocem</span> 
     </span>
     <span class='ocr_line' id='line_1_41' title="bbox 85 3486 960 3562; baseline 0.005 -23"><span class='ocrx_word' id='word_1_301' title='bbox 85 3486 154 3562; x_wconf 68' lang='lat' dir='ltr'>tolus</span> <span class='ocrx_word' id='word_1_302' title='bbox 169 3487 377 3545; x_wconf 78' lang='lat' dir='ltr'>Freinshemhrs</span> <span class='ocrx_word' id='word_1_303' title='bbox 394 3487 552 3554; x_wconf 79' lang='lat' dir='ltr'>inducebat,</span> <span class='ocrx_word' id='word_1_304' title='bbox 568 3498 597 3541; x_wconf 91' lang='lat' dir='ltr'>et</span> <span class='ocrx_word' id='word_1_305' title='bbox 611 3487 689 3542; x_wconf 81' lang='lat' dir='ltr'>obest</span> <span class='ocrx_word' id='word_1_306' title='bbox 704 3489 788 3544; x_wconf 81' lang='lat' dir='ltr'>etism</span> <span class='ocrx_word' id='word_1_307' title='bbox 796 3489 960 3546; x_wconf 78' lang='lat' dir='ltr'>obeditione</span> 
     </span>
     <span class='ocr_line' id='line_1_42' title="bbox 87 3561 176 3613; baseline -0.011 0"><span class='ocrx_word' id='word_1_308' title='bbox 87 3561 176 3613; x_wconf 72' lang='lat' dir='ltr'>rums.</span> 
     </span>
    </p>
   </div>
   <div class='ocr_carea' id='block_1_4' title="bbox 0 0 1147 3958">
    <p class='ocr_par' dir='ltr' id='par_1_4' title="bbox 0 0 1147 3958">
     <span class='ocr_line' id='line_1_43' title="bbox 0 0 1147 3958; baseline 0 0"><span class='ocrx_word' id='word_1_309' title='bbox 0 0 1147 3958; x_wconf 95' lang='lat' dir='ltr'> </span> 
     </span>
    </p>
   </div>
  </div>
 </body>
</html>
