2252 3958
139 327 176 388 40
429 327 463 386 (1,
481 325 596 386 CORN.
614 325 751 381 ’rtem
855 343 885 380 s.
897 343 926 382 a.
938 325 1039 389 affl·

140 475 342 552 liariorutnque
367 474 521 550 ingressus,
548 473 746 552 Imperatorem
768 471 917 532 Vitellium
934 491 1037 534 consa·

140 555 248 614 lutavit.
290 553 400 610 Secutae
421 552 526 626 ingenti
549 552 704 610 certamine
723 550 855 626 ejusdem
878 553 1038 627 provinciae

139 631 265 706 legiones
279 653 286 688 z
309 637 339 688 et
351 629 483 704 superior
496 629 650 698 exercitus,
670 629 807 704 speciosis
820 630 931 688 senatos
945 648 1037 705 popu·

139 708 217 784 lique
232 707 351 768 Romani
370 707 527 764 nominibus
548 707 666 775 relictis,
689 707 805 764 tertium
818 706 915 766 Nonas
929 707 946 762 J
949 725 1039 764 atus-

118 835 126 853 ,
140 786 195 844 rias
209 781 326 842 Vitellio
340 784 478 858 accessit:
501 785 590 842 scires
612 783 691 840 illum
703 783 801 858 priore
814 781 900 840 biduo
914 803 970 842 non
983 801 1034 859 pe-

139 881 190 920 nes
212 863 415 937 rempublicam
434 860 531 920 fuisse.
573 861 713 920 Ardorem
735 862 914 920 exercituum
932 863 1035 936 Agrip-

64 979 66 992 .
139 940 284 1014 pinenses,
299 940 435 1008 Treveri,
449 939 589 1014 Lingones
601 939 791 1024 ¹aequabauts‘
807 939 920 1008 auxilia,
934 957 1035 1014 equos,

140 1025 147 1050 ‘
164 1036 251 1086 arma,
265 1016 589 1092 pecunias’offerentes,
602 1016 760 1091 utquisque
774 1028 908 1090 corpore,
922 1017 1038 1091 opibus,
1116 1067 1117 1072 ,

138 1093 250 1168 ingenio
264 1097 382 1154 validus.
424 1095 487 1153 Nec
508 1095 653 1169 principes
674 1088 759 1151 motib
778 1094 963 1162 coloniarum,
988 1102 1036 1151 aut

139 1180 304 1242 castrorum,
327 1173 427 1249 quibus
448 1173 602 1248 presentia
615 1191 651 1230 ex
665 1169 811 1239 affluenti‚¹
834 1175 863 1228 el
876 1174 956 1246 parti
975 1172 1034 1229 vic·

61 1305 64 1317 ,
138 1251 210 1310 torii
230 1271 344 1326 magnae,
360 1271 445 1327 spes;
467 1251 517 1308 sed
537 1250 671 1324 manipuli
693 1252 822 1324 quoque,
841 1255 870 1306 et
891 1249 1039 1323 gregarius

137 1329 229 1398 miles,
244 1331 347 1388 viatica
360 1348 419 1398 sua,
434 1337 471 1403 et·
480 1329 598 1396 balteos,
621 1328 836 1402 phalerasque,2
857 1327 974 1401 insignia
988 1345 1034 1384 ar-

137 1424 248 1466 morum
261 1403 375 1480 argento
389 1407 503 1473 decora,
517 1407 581 1462 loco
595 1404 724 1480 pecunie
735 1405 898 1464 tradebant:
920 1405 1037 1462 instinc·
1115 1459 1117 1488 ἰ

137 1486 194 1551 tu,3
208 1492 237 1540 et
250 1485 368 1558 impetu,
383 1491 412 1540 et
426 1483 550 1540 avaritii.
675 1509 678 1516 ¹
908 1549 911 1554 ¹

176 1559 282 1616 LVlll.
326 1561 423 1633 Igitur,
447 1561 558 1618 laudati
577 1562 697 1618 militum
720 1561 873 1629 alacritate,
892 1560 1036 1631 Vitellius,

120 1657 124 1666 ’
138 1639 294 1699 ministeria
308 1638 489 1713 principante,
511 1659 565 1714 per
585 1640 702 1697 libertos
716 1639 759 1712 agi
772 1639 865 1708 solita,
886 1639 914 1696 in
926 1639 1041 1715 equites
1116 1675 1117 1684 .

139 1716 280 1774 Romanos
294 1716 437 1790 disponit:
457 1718 618 1778 vacationes
631 1717 843 1776 centurionibus
857 1733 893 1768 ea
907 1717 1039 1769 fiscanu-

137 1801 249 1850 merat=
271 1795 407 1846 saevitiam
424 1791 553 1857 utilitum,
577 1789 732 1864 plerosque
749 1789 782 1846 ad
801 1808 915 1864 poenam
929 1808 1034 1864 expos-

139 1869 272 1935 centium,
294 1867 397 1942 sapim
419 1869 565 1942 approbat,
590 1867 691 1942 partim
709 1866 887 1924 simulatione
908 1868 1037 1926 vincalo*

1115 1625 1117 1664 i

139 1966 201 2006 rum
215 1945 374 2004 frustratur.
417 1944 568 2021 Pompeius
583 1944 773 2021 Propinquus,
788 1953 959 2020 procurator
969 1945 1040 2004 Res.
1115 1971 1116 2012 t

137 2027 218 2102 giem,
245 2024 336 2084 statim
359 2023 535 2082 interfectus.
589 2023 696 2080 Julium
718 2022 892 2093 Burdonem,
916 2025 1036 2084 Germa-
1115 2021 1116 2024 ’

138 2105 210 2163 nica
231 2103 328 2161 classis
350 2102 527 2176 prefectum,
552 2108 612 2160 astu
634 2102 780 2161 subtraxit.
830 2101 984 2160 Exarserat
1006 2104 1038 2160 in

139 2201 204 2240 eum
224 2180 368 2239 iracundia
389 2181 542 2252 exercitiis,
563 2187 694 2256 tanquam
717 2179 836 2249 crimen,
860 2201 892 2238 ac
910 2199 977 2238 mox
992 2181 1038 2238 in-
1114 2221 1115 2224 η

139 2259 232 2327 sidias,
247 2254 366 2314 Fonteio
381 2257 511 2332 Capitoni
524 2259 681 2328 struxisset.
723 2257 810 2312 Grata
823 2264 887 2314 erat
899 2258 1040 2315 maneria

140 2335 304 2410 Capitonis:
329 2343 358 2391 et
371 2335 445 2408 apud
457 2336 608 2392 sevientes
622 2333 757 2391 occidere
770 2335 873 2409 palam,
887 2335 1039 2408 ignoscere

139 2431 195 2472 nou
209 2412 261 2470 nisi
276 2411 399 2480 fatendo
413 2412 525 2476 licebat.
568 2412 609 2470 lta
628 2411 755 2472 custoditi
775 2412 906 2470 babitus:
928 2419 1040 2487 etpost

139 2491 288 2549 victoriam
308 2490 431 2559 demum,
458 2491 551 2548 stratis
569 2491 628 2566 jam
646 2490 766 2556 militum
791 2490 889 2559 odiis‚4
906 2489 1040 2550 dimissus

140 2577 192 2630 est.
235 2569 361 2638 Interim,
375 2575 406 2626 ut
417 2568 570 2643 piaculum,
584 2569 717 2645 objicitur
730 2569 860 2628 centurio
874 2567 1039 2642 Crispinus,

141 2649 188 2723 qui
202 2665 233 2704 se
247 2647 381 2720 sanguine
394 2645 540 2722 Capitonis
550 2651 766 2705 cruentaverat:
790 2663 883 2722 eoque
896 2653 926 2702 et
939 2651 1040 2722 postu·
1112 2713 1113 2750 ,

138 2726 259 2785 lantibus
274 2724 456 2793 manifestior,
470 2732 500 2782 et
512 2725 640 2802 punienti
654 2725 739 2782 vilior
751 2724 814 2782 suit.

58 2806 61 2817 “
178 2801 255 2858 LlX.
296 2802 387 2862 Julius
401 2803 504 2860 deinde
518 2803 634 2862 Civilis⁵
648 2803 777 2889 periculo
786 2807 946 2876 exemptus,
961 2820 1040 2878 prae-

177 2955 537 3025 lProescotioccoffluooti.
574 2957 675 3013 Graeca
686 2959 801 3023 locutio,
810 2973 861 3026 pro
874 2957 1019 3027 effluenter.
1111 2961 1112 2974 ¹

175 3025 194 3078 2
215 3025 351 3078 Pbaleros.
389 3025 436 3078 Sic
456 3016 597 3083 vocabant
616 3030 727 3082 scutula
743 3027 871 3096 quondam
891 3028 1038 3081 aureavel

142 3105 283 3221 appeten,
308 3093 505 3216 qaibqgagrpns
524 3107 552 3152 ct
572 3097 691 3162 maxillae
713 3112 858 3167 equorum,
885 3097 1041 3151 anthabet

141 3182 325 3224 mirumtnsr
347 3181 375 3216 at
461 3181 502 3216 ur.

175 3181 353 3294 Mattiacis?
384 3229 493 3300 Nempe
502 3235 637 3300 oliorum3
654 3235 754 3305 impetu
762 3237 892 3305 propri03
910 3233 1040 3302 amato,

142 3321 191 3374 spe
203 3317 231 3358 et
243 3305 395 3375 cupiditate
405 3304 493 3372 plura,
506 3309 590 3373 quim
602 3306 763 3371 donassent,
775 3305 937 3374 recipiendi.

171 3375 194 3429 ,4
213 3374 311 3428 Stratie
324 3374 386 3444 jum
405 3372 521 3432 militam
544 3373 624 3428 odiit.
659 3375 742 3440 Hanc
766 3376 914 3436 lectionem
935 3373 1039 3428 'l'soito

142 3443 262 3495 restituit
274 3443 434 3496 Gronovius
450 3444 559 3496 observ.
571 3444 597 3496 3.
609 3441 653 3496 22.
684 3443 731 3504 Ex
747 3445 911 3513 conjectare
922 3443 1042 3502 dederat

142 3507 351 3566 Freinshemius
363 3511 479 3566 satiatio.
684 3539 690 3546 ·

178 3579 195 3632 5
212 3579 304 3644 batos
319 3577 423 3646 civilio·
460 3579 597 3660 Idemqui
608 3582 824 3664 posteobelluut¹
835 3583 971 3640 adversus
982 3579 1044 3646 ao,-

1012 3856 1023 3883 ,
