2214 3986
63 311 86 352 r.
98 291 182 353 affl.
287 295 442 356 maror„
461 297 533 356 LIB.
551 291 730 358 ruamus.
905 299 957 361 loo

65 447 74 481 ‘
88 442 190 518 pitolio
206 445 320 521 quidem
332 447 476 506 abstineri.
518 447 658 523 'I’ogaturn
666 465 770 525 nempe
779 465 821 520 se,
836 455 959 510 etunum

65 528 107 577 ‘e
134 523 320 592 senatoribus,
343 524 409 584 dum
431 525 506 582 inter
523 523 729 601 Vespasianum
753 545 786 584 ac
812 523 958 584 Vitellium

66 598 199 672 ‘proeliis
225 599 375 674 legionum,
389 602 595 677 captivitatibus
621 604 745 673 urbium,
771 603 959 661 deditionibus

66 675 249 734 ‘cohortium
266 678 417 752 judicatur.
457 678 532 748 lam,
555 677 707 754 Hispaniis,
731 680 959 756 Germaniisque,

66 758 119 808 ‘et
142 749 296 822 Britannia,
308 754 540 824 desciscentibus,
560 755 678 814 fratrem
697 757 863 834 Vespasiani
884 774 959 814 man·

65 828 162 886 ‘sisse
184 830 214 887 in
239 831 307 900 tide,
330 832 420 888 donec
446 833 522 889 ultro
544 832 578 888 ad
603 808 776 891 condidiones
797 841 958 894 vocaretur.

65 911 72 939 ‘
88 903 195 964 Pacem
212 913 242 964 et
264 910 443 966 concordiam
461 909 542 965 victis
566 909 663 978 utilia,
685 911 839 969 victoribus
854 903 961 986 tantrini

64 989 72 1016 ⁴
88 984 213 1056 pulchra
226 1002 300 1041 esse.
342 985 371 1040 Si
384 984 578 1042 conventionis
593 987 736 1059 paeniteat,
751 1007 805 1045 non
819 1008 861 1056 se,
875 1005 960 1064 quem

65 1067 72 1093 ‘
87 1060 213 1134 perfidia
226 1061 384 1136 deceperit,
398 1061 475 1118 ferro
489 1069 602 1135 peteret
618 1083 625 1132 3
647 1081 702 1120 non
722 1063 817 1121 lilium·
827 1065 959 1141 Vespasi-

64 1143 71 1169 ‘
87 1137 150 1204 ani,
163 1137 212 1193 vix
226 1139 374 1212 puberem.
415 1139 565 1207 Quantum,
580 1138 679 1194 occisis
699 1157 754 1194 uno
768 1159 847 1208 sene,
861 1149 890 1198 et
905 1157 961 1200 uno

65 1221 72 1248 ‘
82 1212 214 1288 juvene,
240 1213 365 1288 profici?
392 1215 448 1271 iret
470 1214 583 1271 obviinl
608 1215 775 1288 legionibus,
798 1216 834 1272 de
856 1219 960 1276 summi

65 1299 73 1324 ⁴
89 1308 192 1346 rerum
206 1290 265 1348 illic
280 1299 423 1348 certaret:
446 1298 544 1348 cetera
556 1291 709 1348 secundum
723 1299 854 1348 eventum
868 1293 961 1366 proelii

66 1369 230 1424 ‘cessura'
274 1367 417 1442 Trepidns
438 1368 471 1424 ad
492 1367 714 1435 haec·Vitellius,
728 1386 816 1443 pauca
829 1368 964 1443 purgandi

65 1443 110 1501 sul
145 1446 227 1502 causa
250 1446 405 1518 respondit,
432 1443 543 1519 culpam
569 1446 620 1500 ‘in
648 1445 775 1502 militem’
799 1444 959 1514 conserens,

66 1521 174 1595 ‘cujus
195 1521 280 1578 nimio
304 1522 397 1578 ardori
422 1521 561 1596 imparem
587 1540 650 1578 esse
673 1522 837 1580 modestiam
863 1523 962 1578 suam!

66 1596 103 1655 Et
127 1599 236 1655 monuit
254 1598 446 1666 Martialem}
459 1605 489 1655 nt
501 1617 556 1673 per
574 1607 713 1670 secretam
734 1601 836 1657 aedium
853 1607 963 1674 partem

67 1682 75 1708 ‘
90 1675 204 1731 occulte
225 1676 326 1744 abiret,
340 1691 375 1732 ne
390 1696 407 1732 a
419 1675 552 1734 militibus
566 1677 756 1734 internuntius
770 1679 868 1734 invisae
882 1677 961 1752 pacis

67 1751 325 1809 ‘interficeretur’
377 1754 442 1828 lpse
463 1771 556 1828 neque
574 1754 705 1828 jubendi,
732 1772 825 1829 neque
849 1754 961 1816 vetandi

66 1835 183 1902 potens,
197 1847 252 1884 non
261 1829 319 1902 jam
333 1829 501 1904 Imperator,
515 1831 567 1886 sed
579 1832 682 1890 tantum
695 1832 765 1888 belli
783 1848 867 1887 causa
889 1837 959 1888 erat.

107 1903 214 1959 LXXl.
265 1904 405 1963 Vixdum
425 1924 555 1978 regresso
580 1906 610 1962 in
633 1906 804 1981 Capitolium
822 1907 963 1976 Martiale,

67 1979 168 2037 furens
187 1981 266 2039 miles
289 1983 396 2052 aderat,
410 1983 488 2039 nullo
509 1984 606 2053 duce3
628 1983 681 2039 sibi
703 1984 822 2056 quisque
845 1991 960 2039 auctor:

20 2081 21 2084 ¹
69 2056 125 2112 cito
150 2058 269 2129 agmine,
283 2058 375 2116 forum
393 2067 422 2115 et
442 2059 615 2116 imminentia
635 2057 697 2132 foro
716 2058 821 2132 templa
843 2067 962 2128 prater-

68 2133 157 2199 vecti,
183 2134 292 2205 erigunt
318 2135 408 2191 aciem
431 2153 486 2208 per
507 2135 660 2189 adversum
685 2134 799 2198 collem,
819 2150 908 2206 usque
929 2132 963 2192 ad

69 2208 174 2281 primas
189 2207 357 2285 Capitolina
372 2210 443 2268 arcis
454 2209 540 2268 tores.
582 2209 670 2266 Erant
677 2208 825 2283 antiquitus
836 2210 963 2283 porticus

68 2284 97 2340 in
117 2286 211 2342 latere
233 2287 311 2354 clivi,
335 2288 444 2342 dextre
464 2286 659 2348 subeuntibus,
673 2286 702 2341 in
723 2301 842 2360 quarum
858 2293 963 2349 tectum

69 2361 189 2434 egressi,
203 2364 274 2420 saxis
295 2363 453 2436 tegulisque
474 2361 637 2420 Vitellianos
651 2363 817 2420 obruebant.
858 2365 962 2442 Neque
1067 2370 1071 2379 '

69 2437 125 2496 illis
139 2458 248 2509 manus,
261 2441 314 2497 nisi
326 2439 423 2513 gladiis
443 2448 575 2512 armataa;
597 2447 627 2498 et
646 2447 793 2498 arcessere
812 2448 960 2514 tormenta,

70 2523 116 2572 aut
126 2516 244 2573 missilia
254 2519 318 2585 tela,
332 2518 444 2591 longum
454 2518 612 2574 videbatur.
655 2517 743 2574 Faces
758 2519 786 2574 in
800 2520 960 2591 prominen-

70 2597 128 2650 tem
141 2594 282 2668 portioum
288 2593 391 2668 jecere
403 2614 410 2664 3
432 2601 462 2650 et
469 2596 626 2667 aequabant
674 2594 784 2665 ignem:
808 2595 961 2651 ambustas·

72 2688 128 2744 que
152 2668 284 2744 Capitolii
304 2671 381 2728 fores
407 2675 612 2744 penetrassent,
691 2669 809 2723 Sabinus
835 2671 963 2732 revulsas

70 2747 195 2822 undique
221 2755 332 2814 statuas,
356 2748 461 2804 decora
483 2744 632 2817 majorum,
653 2741 683 2797 in
705 2743 767 2815 ipso
791 2742 876 2812 aditu,
897 2746 962 2805 rice

71 2823 155 2892 muri,
180 2824 339 2898 objecisset.
381 2822 458 2878 Tum
479 2820 607 2876 diversos
629 2817 761 2893 Capitolii
782 2819 871 2877 aditus
884 2821 962 2880 inva-

71 2899 149 2968 dunt,
166 2899 248 2975 juxta
266 2903 360 2958 lucum
374 2898 466 2975 asyli,¹
483 2904 512 2954 et
525 2897 725 2971 qubTarpeia
747 2914 832 2971 rupes
850 2905 964 2958 centum

71 2977 202 3052 gradibus
216 2978 315 3035 aditur.
358 2976 513 3052 Improvisa
530 2974 726 3050 utroquovis3
748 2974 866 3049 propior
879 2984 962 3049 atque

72 3054 167 3110 acrior
186 3073 241 3128 per
260 3057 368 3131 asylum
391 3054 557 3127 ingruebat:
579 3071 633 3110 nec
656 3052 715 3110 sisti
729 3059 869 3127 poterant,
883 3069 961 3108 scan-

72 3129 171 3188 dentes
192 3148 247 3206 per
266 3133 414 3208 conjuncta
437 3129 574 3186 edificia:
596 3148 672 3204 quae,
686 3136 717 3187 ut
728 3130 765 3215 dn
780 3130 866 3186 multat
879 3145 962 3203 pace,

73 3205 101 3262 in
123 3209 208 3266 altum
229 3209 414 3279 editasolum
428 3206 561 3282 Capitolii
575 3208 731 3282 aequabant.
775 3201 833 3264 ch
847 3204 960 3278 ambigi·

72 3289 118 3342 tur
141 3285 254 3360 ‘ignem
271 3285 352 3343 tectis
377 3290 586 3360 oppugnatores
605 3283 767 3360 injecerint,
792 3301 827 3340 an
847 3282 961 3354 obessi,'

103 3422 123 3510 ἰ
142 3423 226 3512 ona
238 3459 327 3514 uam
345 3456 423 3527 aare.
458 3456 577 3511 vadatur
595 3455 713 3526 intelligi
731 3457 816 3523 iocus,
848 3457 875 3508 us
893 3454 965 3509 estes

73 3525 224 3664 ,⁸⁴1⁴ssth
242 3530 402 3626 recabatur,
411 3527 493 3596 juxta
510 3541 596 3596 quem
612 3527 721 3596 asylum
738 3525 798 3582 fult.
816 3603 819 3610 ²
859 3521 905 3582 ide
916 3525 964 3582 Li
