2254 3960
97 305 181 376 'w
404 314 443 373 c.
461 308 574 396 oona.
591 311 727 368 ramur
842 331 872 368 A.
891 311 963 368 etc.
980 311 1050 370 ssu
1110 301 1111 366 i

122 477 278 524 nurerum
296 465 418 532 mollire,
430 461 614 528 circumcisis:
629 478 704 536 quaa,
718 459 747 516 in
765 466 901 534 quaestum
914 467 1045 534 reperta,

121 541 190 617 ipso
202 541 309 603 tributo
328 542 436 615 gravius
457 540 667 600 tolerabantur:
691 555 812 611 namque
826 555 879 612 per
892 537 1047 596 ludibrium
1110 563 1111 604 ι

121 619 257 682 adsidere
270 620 369 683 clansis
383 616 505 685 horreis,
519 621 549 674 et
562 633 660 672 emere
673 614 752 671 ultro
765 613 915 681 frumenta,
926 633 959 670 ac
972 633 1045 671 veu-
1110 625 1111 628 ’

124 695 197 754 dere
211 698 304 771 pretio
317 695 507 768 cogebantur:
529 691 660 748 deiortia
669 691 801 748 itinerum
814 698 844 747 et
857 689 1044 765 longinquitas
1070 758 1073 762 ¹

122 775 272 848 regionum
291 771 476 836 indicebatur,
492 779 520 826 ut
541 769 699 827 civitates&
719 768 854 842 proximis
875 768 1002 824 hibernis
1016 770 1047 826 in

125 857 235 908 remota
243 857 274 906 et
286 849 348 904 aria
359 847 519 913 deferrent,
532 847 634 914 donec,
646 845 721 920 quod
730 845 857 902 omnibus
871 846 900 901 in
910 854 1047 920 promptu

122 936 196 993 erat,
210 926 306 1000 paucis
320 927 465 982 lucrosum
479 924 572 980 tieret.

162 1001 228 1058 XX.
270 1001 343 1059 Haec
363 1003 457 1078 primo
473 1002 563 1058 statim
578 1018 650 1056 anno
664 998 887 1073 comprimendo,
902 1000 1047 1073 egregiam

122 1077 225 1139 mam
245 1081 310 1154 paci
329 1079 536 1144 circumdedit:
559 1097 623 1152 qua:
638 1078 684 1134 vel
698 1077 818 1143 incuria,
832 1077 880 1132 vel
893 1074 1046 1135 tolerantia

123 1157 264 1234 priorum,
278 1157 352 1213 haud
370 1157 461 1214 minsis
482 1157 565 1230 quim
585 1156 691 1212 bellum
711 1154 872 1210 timebatur.
914 1154 980 1222 Sed,
995 1156 1046 1213 ubi

122 1243 207 1293 estas
222 1235 345 1301 advenit,
359 1243 505 1291 contracto
527 1233 666 1297 exercitu,
685 1229 788 1288 multus
809 1233 838 1286 in
852 1231 968 1304 agmine,
984 1233 1046 1288 lau·

123 1311 195 1370 dare
209 1313 384 1380 modestiam,
402 1312 533 1385 disjectos
547 1314 706 1366 coercere:
729 1310 792 1365 loca
810 1310 908 1366 castris
921 1310 982 1382 ipse
997 1329 1046 1366 ca-

120 1395 208 1464 pere,
223 1389 354 1448 aestuaria
367 1408 398 1446 ac
413 1390 496 1445 silvas
510 1389 572 1463 ipse
587 1394 758 1460 praeteutare
772 1408 779 1442 :
803 1393 832 1442 et
846 1387 915 1442 nihil
929 1387 1046 1446 iuterim

120 1467 199 1540 ¹apud
221 1467 317 1522 hostes
341 1467 467 1540 quietum
491 1465 559 1539 pati,
584 1464 731 1538 quominus
755 1463 854 1531 subitis
877 1465 1046 1522 excursibus

123 1544 331 1616 popularetur:
355 1552 449 1616 atque,
464 1543 511 1598 ubi
529 1543 595 1597 satis
613 1549 768 1610 terruerat,
783 1542 927 1615 parcendo
944 1542 1045 1601 rursus

121 1617 300 1678 inritamenta
311 1620 388 1693 pacis
403 1625 556 1674 ostentare.
579 1619 688 1686 Quibus
700 1621 785 1676 rebus
791 1621 890 1676 ¹multae
903 1617 1045 1688 civitatee,

120 1711 187 1772 que
202 1695 230 1752 in
244 1696 322 1752 illum
336 1696 411 1754 diem
423 1714 467 1760 ¹eu
482 1714 565 1769 aequn
580 1703 706 1768 egerant,
718 1696 787 1753 datis
805 1697 957 1764 obsidibus,
971 1697 1048 1754 iram

121 1773 256 1848 posuere,
270 1779 299 1829 et
319 1772 458 1847 presidiis
478 1775 657 1848 castellisque
678 1774 869 1843 circumdatis,
884 1776 959 1832 tanti
978 1775 1046 1831 rati-

123 1869 178 1910 one
191 1852 317 1926 curique
331 1858 362 1908 ut
382 1852 459 1912 nulla
472 1851 534 1908 ante
548 1850 701 1908 Britannias
722 1869 796 1908 nora
809 1871 875 1926 pars
886 1852 1048 1912 inlacessita

121 1929 274 1990 transierit.
802 1984 804 1990 ,

117 2038 122 2044 ·
152 2007 242 2067 'xxi
285 2009 413 2086 Sequens
426 2009 517 2066 hiems
531 2007 726 2067 saluberrimis
739 2009 863 2067 consiliis
878 2011 1046 2086 absumpta:

118 2107 255 2164 namque,
268 2101 299 2145 ut
312 2089 440 2146 homines
453 2087 574 2160 dispersi
589 2105 622 2142 ac
637 2086 732 2154 rudes,
743 2090 838 2158 e'oque
847 2090 925 2140 bellu
934 2088 1048 2153 melles,

122 2166 212 2240 quieti
226 2174 256 2224 et
269 2165 325 2222 otio
340 2163 566 2239 pervoluptates
580 2160 801 2230 adsuescerent;
824 2159 933 2218 hortari
948 2161 1045 2234 priva-

122 2241 183 2310 tim,
197 2242 332 2316 adjurare
346 2241 469 2318 publice,
484 2247 514 2296 ut
526 2239 643 2312 templa,
657 2237 728 2304 fora,
742 2238 841 2296 domus
850 2244 1047 2309 exstruerent,

120 2318 259 2377 laudando
286 2326 442 2390 promptos,
466 2323 495 2370 et
524 2315 684 2388 castigando
709 2331 835 2389 segnes:
863 2315 902 2372 ita
928 2316 1047 2375 honoris

15 2433 17 2440 ,
123 2394 265 2455 semidatio
280 2410 332 2466 pro
346 2393 515 2451 necessitate
530 2401 601 2448 erat.
643 2392 660 2444 J
663 2411 706 2448 sm
718 2396 790 2450 verb
801 2393 962 2468 principum
970 2393 1046 2451 lilios

121 2471 288 2530 liberalibus
302 2468 407 2526 artibus
422 2469 548 2544 erudire,
563 2478 593 2526 et
605 2469 719 2540 ingenia
731 2471 934 2528 Britannorum
945 2470 1047 2529 studiis

123 2548 272 2608 Gallorum
285 2544 439 2616 anteferre,
454 2554 493 2614 ut,
508 2546 555 2620 qui
574 2546 659 2602 modo
680 2546 801 2620 linguam
823 2547 977 2604 Romam
996 2554 1047 2606 ab·

124 2627 257 2694 nuebant,
272 2623 466 2700 eloquentiam
485 2624 741 2698 concupiscerent:
764 2624 827 2680 inde
841 2624 1048 2689 etiamhabitos

121 2704 213 2761 nostri
234 2707 336 2769 honor,
357 2709 386 2759 et
406 2701 645 2778 frequens'toga:
668 2702 870 2776 paullatimque
889 2701 1047 2761 discessum

125 2779 160 2842 nd
180 2780 361 2836 delinimenta
381 2779 525 2846 vitiorum,
539 2779 676 2854 porticus,
691 2787 720 2835 et
732 2780 845 2845 balnea,
857 2786 888 2835 et
899 2779 1047 2836 convivio·

124 2873 189 2916 rum
201 2857 385 2930 elegantiam:
407 2856 493 2930 idque
507 2857 581 2931 apud
593 2855 743 2931 imperitos
756 2865 765 2896 ⁴
778 2856 948 2917 humanitas’
961 2875 1046 2915 voca-

123 2933 217 3003 batur,
230 2935 294 2990 cum
307 2950 372 3007 pars
384 2933 530 2991 servitutis
544 2942 629 2991 esset.
664 2945 673 2980 -’

99 3069 103 3076 ,
163 3009 257 3068 ΧΧΙΙ.
281 3009 398 3068 Tertius
412 3011 623 3085 expeditionum
638 3030 725 3068 annus
734 3029 821 3069 novas
830 3019 931 3084 gentes
942 3028 1046 3086 apern-

122 3087 156 3157 it,
169 3088 283 3146 vastatis
297 3106 386 3162 usque
407 3089 440 3144 ad
462 3087 556 3144 Taum
577 3089 724 3166 (aestuario
737 3107 841 3146 nomeu
855 3086 912 3165 est)
927 3087 1046 3144 nationi-

122 3164 176 3223 bus
190 3187 196 3221 :
219 3165 274 3239 qus
287 3164 435 3224 formidine
446 3165 542 3225 territi
555 3165 661 3235 hostes,
676 3183 845 3242 quamquam
854 3164 1047 3222 conflictatum

123 3241 208 3296 saevis
214 3242 604 3312 tempestatibusexercitum,
614 3244 761 3302 lacessere
770 3262 825 3300 non
837 3243 913 3298 arisi:
936 3259 1045 3316 ponen·

123 3311 353 3397 disquelinsuper
366 3319 487 3374 castellis
507 3319 628 3392 sp'atium
647 3317 720 3378 fuit„
751 3319 928 3390 Adnotabant
948 3319 1045 3393 periti,

112 3395 180 3435 -non
194 3387 279 3441 alium
291 3389 393 3446 ducem
404 3393 634 3466 opportunitates
647 3397 777 3455 locorum
791 3395 947 3468 sapientius
961 3396 1044 3470 legis·

17 3529 20 3534 .
124 3465 178 3505 ss:
199 3458 305 3513 nullum
326 3465 360 3516 ab
374 3466 506 3536 Agricola
519 3470 642 3542 positum
655 3474 803 3529 castellum
815 3476 863 3528 aut
876 3471 905 3526 vi
920 3471 1045 3528 hostium

125 3535 323 3604 magnatum,
345 3543 391 3592 aut
416 3542 546 3610 pactione
569 3563 602 3602 ac
622 3544 688 3620 fugi
713 3549 868 3604 desertum.
919 3546 1045 3608 crebre

58 3611 72 3638 ³*
116 3599 306 3690 &Plutum
327 3623 401 3680 uam,
415 3613 549 3680 adversis
561 3637 655 3680 moras
665 3622 831 3695 obsidionis,
839 3623 939 3685 mnis
953 3622 1046 3702 copiis
