2252 3958
76 343 129 394 no.
144 331 187 393 tt.
298 335 454 398 menon.
466 335 539 399 ΠΒ
551 335 704 400 PRIMUS.
923 344 960 403 te

109 475 265 546 Lxxxlx,
306 481 362 544 Sed
384 481 495 556 vulgus,
518 479 759 556 magnitudine
779 481 866 546 nimii
882 505 958 548 com·

75 559 190 618 munium
203 569 335 616 curarum
345 576 449 634 expers
464 559 596 634 populus,
610 559 717 618 sentire
730 561 877 634 paullatim
890 563 959 622 belli

76 635 148 703 mala,
167 637 306 696 conversi
322 635 352 692 in
369 635 488 694 militum
507 649 588 694 mum
601 637 675 694 omni
695 637 827 712 pecunia,
845 639 959 702 intentis

76 711 259 770 alimentorum
273 712 390 800 pretiis:
413 729 488 788 quae,
501 719 579 770 motu
592 711 730 784 Vindicis,
749 715 825 774 houd
838 719 959 793 perinde

75 789 180 862 plebem
209 789 383 858 attriverant,
416 791 517 848 secure
542 793 710 860 tum'urbe,
736 801 766 852 et
791 795 959 870 provinciali

74 865 152 934 bello,
167 867 241 942 quod
254 867 329 924 inter
336 867 461 942 legiones
471 867 634 946 Galliaeque
647 869 727 927 velut
737 879 885 930 externum
895 871 957 930 ibit.

74 939 150 1013 Noni,
172 961 285 1019 exque
306 944 388 1001 divus
402 945 541 1018 Augustus
556 963 603 1002 res
624 945 769 1004 Caesarum
789 950 959 1024 composuit,

72 1022 221 1092 procule:
242 1021 271 1076 in
294 1020 376 1077 unius
399 1021 627 1090 sollicitudinem,
650 1031 696 1080 aut
718 1024 815 1094 decue,
836 1026 958 1102 populus

71 1095 211 1170 Romanus
223 1097 392 1154 bellaverat.
433 1097 490 1152 Sub
504 1097 637 1166 Tiberio,
656 1106 686 1156 et
698 1099 780 1169 Caio,
793 1104 896 1160 tantum
910 1122 958 1178 pa·

68 1173 111 1231 cie
133 1174 250 1230 adversa
270 1173 465 1248 pertimuere:
498 1171 673 1232 Scriboniani
694 1185 790 1236 contra
813 1177 961 1240 Claudium

70 1250 193 1326 incepta,
217 1251 299 1307 simul
321 1249 424 1318 audita,
446 1257 475 1306 et
494 1250 639 1308 coercita:
661 1247 741 1308 Nero
761 1253 862 1310 nuntiis
876 1259 960 1329 magis

71 1336 99 1385 et
124 1328 295 1396 rumoribus,
323 1328 407 1404 quam
432 1327 515 1386 armis
542 1325 688 1403 depulsus.
738 1327 814 1388 Tum
834 1330 960 1404 legiones

69 1407 238 1482 classesque,
257 1413 287 1462 et
305 1405 381 1480 quod
400 1405 561 1484 tarbellis,
575 1406 761 1480 pretorianae
782 1407 961 1483 urbanusque

68 1483 158 1550 miles,
172 1483 201 1539 in
211 1483 319 1540 anciem
327 1481 450 1542 deducti.
486 1483 608 1546 vOriene¹
619 1482 826 1560 Occidensque,
841 1491 870 1542 et
880 1485 961 1561 quid-

70 1559 135 1634 quid
148 1561 289 1636 utrimque
302 1560 406 1618 virium
419 1567 489 1618 esta
500 1568 599 1636 tergo:
622 1560 648 1617 si
663 1559 781 1621 ducibus
795 1562 856 1620 eliis
870 1563 958 1620 bella-

68 1643 126 1694 tum
145 1636 230 1706 toret,
253 1639 338 1711 longo
358 1638 438 1694 bello
457 1639 584 1702 materia.
626 1639 732 1706 lbere,
753 1638 816 1714 qui'2
829 1639 959 1716 proficis·

68 1716 142 1772 censi
156 1713 262 1772 Othoni
275 1733 378 1783 moras,
392 1723 400 1750 ⁶
413 1714 636 1791 religionemque
650 1715 771 1772 nondum
782 1717 960 1778 conditorum

66 1798 75 1825 ‘
90 1792 229 1861 ancilium,
243 1791 417 1852 adferrent’.
442 1795 614 1882 Aspernatns
628 1800 671 1850 est
683 1811 796 1850 omnem
805 1795 959 1852 cunctatio-

66 1887 142 1938 nem,
157 1876 188 1926 ut
200 1869 310 1926 Neroni
319 1888 432 1944 quoque
443 1871 608 1927 exitiosam:
631 1869 661 1926 el
668 1869 792 1939 Caecina,
802 1875 862 1946 J‘am
872 1872 960 1947 Alpes

65 1954 266 2020 transgressus,
280 1945 483 2004 exstimulabat.

105 2023 170 2080 XC.
212 2024 307 2080 Pridie
327 2024 392 2080 Idus
413 2025 539 2092 Martias,
565 2023 759 2082 commendata
772 2025 899 2098 patribus
913 2043 976 2081 ren

50 2101 191 2176 publica,
212 2101 344 2177 reliquias
365 2101 592 2178 Neronianarum
612 2100 782 2158 sectionum³
796 2100 918 2160 nondum
930 2102 959 2158 in

64 2179 165 2236 liscum
179 2197 341 2248 conversas,
351 2179 495 2244 ,revocatis
506 2179 540 2234 ab
550 2177 650 2236 exsilio
661 2177 801 2236 concessit
814 2199 821 2234 :
845 2176 959 2239 'orbesi-

62 2275 143 2312 mum
163 2255 276 2324 donum,
303 2263 332 2314 et
355 2257 529 2332 inspeciem
548 2254 735 2330 magnificum,
758 2255 809 2314 sed
833 2197 960 2324 &runata

62 2332 246 2408 jampridem
264 2335 421 2403 exactione,
442 2354 495 2392 usu
515 2333 641 2397 sterile..
664 2333 733 2390 Mox
753 2335 852 2392 vocati
865 2336 959 2393 conci-

62 2429 132 2480 one,
148 2411 439 2486 ‘majestatemurbis‚
453 2421 483 2470 et
495 2431 662 2470 consensum
677 2412 775 2488 populi
789 2431 822 2470 ac
835 2413 957 2470 eenatds'

60 2507 174 2562 prose
198 2491 336 2559 attollens,
360 2491 508 2548 adversim
531 2489 696 2547 Vitellianas
719 2497 813 2563 partes
834 2489 959 2546 modeste

60 2565 217 2623 dissentit:
240 2576 247 2600 ‘
263 2567 399 2623 inscitiam
413 2564 505 2640 politis
526 2565 679 2638 legionum,
706 2567 789 2638 quam
809 2565 959 2621 audaciam'

59 2643 230 2718 increpans,
243 2643 320 2700 nulla
332 2641 441 2696 Vitellii
455 2641 597 2695 mentione
610 2663 617 2696 ι
640 2641 701 2695 sive
714 2641 803 2712 ipsius
816 2657 852 2695 ea
864 2641 960 2696 mode-

60 2722 160 2789 rati03
183 2737 234 2774 seu
254 2715 540 2788 scripturorationis,
560 2715 613 2769 sibi
625 2722 765 2780 metuens,
786 2716 961 2773 contumeliis

59 2800 89 2856 in
111 2794 266 2852 Vitellium
289 2791 438 2849 abstinuit:
467 2789 588 2866 quand9‚
611 2797 642 2847 ut
663 2790 692 2848 in
713 2789 836 2848 consiliis
855 2791 960 2849 militiae

60 2869 206 2935 Suetonio
221 2869 350 2937 Paullino
365 2876 393 2926 et
405 2867 497 2926 Mario
519 2865 616 2936 Celso,
639 2868 679 2926 ita
696 2868 725 2925 in
738 2867 825 2925 rebus
839 2867 960 2928 Urbanis

98 3033 114 3084 l
142 3029 241 3084 Οήεηε
254 3068 261 3081 .
274 3066 281 3080 .
294 3066 301 3081 .
314 3031 421 3098 atergo,
433 3025 564 3080 Othonis.
603 3018 731 3080 Occidens
743 3023 873 3081 Vitellii.'

96 3103 117 3154 2
137 3101 225 3162 fuere
237 3097 285 3168 qui
297 3137 304 3151 .
317 3137 324 3151 .
337 3135 344 3149 .
356 3113 444 3150 moras
454 3094 672 3167 -relo'qiottemqee,
690 3098 707 3150 i.
720 3113 744 3149 e.
758 3097 804 3176 qui
816 3108 961 3164 tamquam

60 3172 199 3225 morandi
218 3185 332 3222 causam
356 3165 490 3220 afferrent
508 3165 673 3236 religionem
694 3165 823 3218 ancilaum
842 3165 961 3218 nondum

62 3239 242 3294 conditorum.
278 3235 389 3305 flatilia
407 3237 592 3291 movebantur
603 3237 671 3303 ipsis
692 3235 817 3287 calendis
832 3245 879 3286 aut
896 3245 960 3302 pos·
999 3288 1002 3296 ,

61 3311 149 3362 tridie
163 3309 294 3362 colendas
316 3307 447 3360 Martios:
467 3315 543 3358 mota
555 3317 649 3362 autem
666 3305 781 3372 triginta
798 3303 858 3355 dies
869 3303 961 3356 innuit

63 3376 203 3446 Polybius
214 3379 243 3430 in
256 3377 394 3444 excerptis
405 3377 459 3445 leg.
471 3375 515 3428 23.
729 3425 733 3432 ,
795 3411 797 3416 -

98 3447 120 3500 3
139 3446 284 3515 Reliquiae
292 3443 512 3500 Neronianorum
521 3443 672 3510 amionem,
684 3445 702 3496 i.
715 3459 739 3495 e.
753 3442 827 3508 quod
836 3442 961 3495 nondum

63 3527 274 3570 erat-exactum
286 3532 302 3566 e
314 3515 511 3569 donationibus
522 3515 648 3582 Neronis,
662 3529 731 3586 quae
745 3510 836 3566 Galba
846 3527 960 3566 revoca-

52 3595 149 3658 ·vernt
166 3587 250 3654 supra
261 3583 304 3636 20.
