2214 3986
46 319 77 375 a.
92 306 120 378 a'.
139 323 185 378 aa
224 345 249 402 g
278 327 434 384 asaron.
453 319 721 385 mnrnnrrus.
892 313 946 390 iao
989 371 996 384 .

46 479 48 486 ⁴
77 467 241 530 nxxvll.
284 475 400 534 Interim
426 476 460 533 ad
485 475 519 534 L.
534 475 681 536 Vitellium
696 495 796 537 servus
818 475 946 556 Verginii

58 536 203 622 Uapitonis
227 551 360 628 pertingit,
384 554 592 629 pollicitusque,
614 555 662 612 ‘si
683 556 847 632 presidium
872 559 945 618 acci·

57 631 173 698 ‘peret
194 647 310 686 vacuam
333 648 429 688 arcem
450 629 548 688 surn'm
560 633 746 702 traditurum‚’
766 635 947 698 mutescere

56 703 189 762 cohortes
224 707 381 782 expeditas,
414 709 528 764 summis
569 708 705 768 montium
738 711 826 786 jugis,
859 731 947 790 super

56 783 293 854 apathonium
326 783 619 844 :latiniacenses
651 787 686 844 od
715 789 824 847 casdem
849 793 945 866 magis,

56 858 315 938 quimadpugnani
328 861 473 930 decurrit:
495 868 624 920 sternunt
645 864 847 938 inermenaut
869 887 946 927 arma
989 937 992 943 ι

55 935 211 1008 capientes,
245 946 275 995 et
300 939 436 1014 quosdam
460 951 558 996 somno
582 940 700 1009 excitos,
720 944 782 1000 edm
808 947 945 1016 tenebris,

55 1027 175 1082 pavore,
195 1015 288 1071 sonitu
314 1017 455 1083 tubarum,
486 1016 611 1084 clamore
634 1017 728 1076 hostili
753 1023 943 1082 turbarentur.

54 1087 140 1147 Pauci
162 1092 346 1164 gladiatorum
372 1092 545 1161 resistentes,
566 1111 660 1168 neque
686 1095 767 1152 inulti
791 1099 943 1158 cecidere:

55 1168 146 1224 ceteri
162 1169 196 1224 ad
210 1186 295 1225 naves
309 1170 439 1238 ruebant,
460 1169 508 1226 ubi
517 1177 620 1226 cuncta
643 1171 705 1246 pari
727 1171 875 1233 formidine
895 1178 946 1234 im·

55 1244 245 1316 plicabantur,
272 1247 418 1316 permixtis
444 1246 567 1322 paganis,
589 1267 659 1322 quos
685 1249 762 1306 nullo
787 1249 947 1311 discrimine

55 1319 199 1380 Vitelliani
220 1319 404 1382 trucidabant.
447 1325 503 1382 Sex
517 1325 664 1400 liburnicae
683 1327 892 1403 interprimunt
904 1342 948 1386 tu·
1039 1367 1049 1378 ·

56 1399 173 1456 multum
199 1418 329 1470 evasere,
350 1402 378 1458 in
404 1403 466 1478 quis
479 1403 633 1478 prefectus
647 1405 743 1464 classis
757 1405 946 1480 Apollinaris:

57 1476 175 1550 reliquas
205 1477 235 1533 in
260 1477 345 1534 litore
371 1488 471 1554 capte,
494 1487 541 1539 aut
566 1481 652 1538 nimio
686 1483 826 1540 ruentium
859 1501 948 1540 onere

56 1569 168 1626 pressas
187 1573 265 1612 mare
289 1556 389 1613 hausit.
430 1556 558 1616 Julianus
573 1559 607 1616 ad
620 1559 653 1616 L.
667 1559 811 1618 Vitellium
824 1559 947 1634 perduc·

57 1635 108 1698 tus,
120 1639 150 1689 et
161 1633 329 1696 verberibus
342 1631 469 1702 foedatus,
483 1635 512 1690 in
520 1653 572 1693 ore
583 1637 644 1711 ejus
652 1637 808 1713 juguletur.
840 1638 948 1709 Fuere,

58 1709 102 1780 qui
115 1728 236 1767 uxorem
250 1711 283 1766 L.
298 1709 407 1768 Vitellii
430 1712 572 1770 Triariam
594 1715 780 1783 incesserent,
807 1722 948 1790 tamquam

58 1785 167 1858 ‘gladio
189 1788 301 1845 militari
327 1787 427 1857 cincta,
453 1789 528 1846 inter
549 1791 656 1848 luctum
675 1793 826 1867 cladesque
840 1810 946 1868 expug-

59 1867 65 1894 ‘
79 1871 149 1922 natae
165 1865 340 1934 Tarracinae,
363 1867 486 1940 superbe
499 1868 632 1943 sevoque
646 1869 769 1942 egisset)
811 1869 876 1944 lpse
887 1871 946 1926 lau-

58 1941 132 1998 ream
154 1952 242 2016 'gestae
269 1944 408 2017 prospere
431 1944 487 2002 rei1
510 1945 545 2000 ad
564 1943 680 2002 fratrem
692 1947 784 2004 misit:
806 1964 945 2019 percunc-

58 2023 137 2087 tatus,
160 2021 272 2078 ‘statim
298 2019 413 2094 regredi
438 2039 481 2089 se,
502 2040 536 2077 an
556 2022 760 2096 perdomandae
784 2020 945 2095 campania

59 2095 211 2156 ‘insistere
220 2099 359 2176 juberet.’
401 2097 484 2166 Quod
507 2100 629 2160 salutare
652 2117 708 2154 non
723 2097 807 2154 modi:
821 2098 945 2173 partibus

59 2170 233 2250 Vespasiani,
260 2176 311 2232 sed
337 2176 502 2254 reipublice
525 2174 597 2234 fuit:
620 2175 720 2233 namsi
733 2193 833 2233 recens
857 2176 946 2232 victo·

60 2249 97 2306 rii
125 2253 234 2322 miles?
252 2260 306 2321 ¹et,
333 2272 421 2328 super
455 2253 567 2312 insitam
599 2253 946 2336 pervicaciamsecundis

58 2325 146 2401 seror,
164 2329 280 2387 Romam
303 2330 503 2402 contendisset,
518 2332 591 2390 haud
605 2333 693 2408 parvi
708 2332 783 2390 mole
797 2338 945 2402 certatum,

59 2417 107 2463 nec
121 2409 185 2465 sine
199 2407 286 2466 esitio
293 2409 377 2466 urbis
390 2408 484 2468 soret:
506 2411 614 2499 quippe
628 2411 661 2468 L.
677 2410 803 2478 Vitellio,
814 2411 943 2486 ,quamuis

59 2481 159 2556 infami,
186 2486 277 2543 inerat
301 2485 454 2545 industria:
475 2507 529 2546 neo
555 2489 715 2556 virtutibus,
741 2493 773 2544 ut
797 2488 874 2556 boni,
894 2486 945 2544 sed

60 2563 196 2635 quomodo
205 2563 342 2638 pessimus
356 2565 490 2652 quisque,
500 2565 717 2652 vitiisualebats
768 2639 784 2651 ..

93 2639 255 2696 LXXVlll.
298 2641 371 2699 Dum
397 2643 461 2698 haec
483 2660 517 2698 sn.
536 2642 660 2715 partibus
679 2639 786 2696 Vitelln
798 2645 944 2712 geruntur,

58 2715 196 2790 digressus
223 2717 341 2782 Narnia¹
357 2717 522 2792 Vespasiani
555 2717 708 2784 exercitus,
729 2714 815 2772 festos
835 2715 946 2772 Saturni
972 2749 976 2758 »

58 2793 142 2864 dies,3
161 2791 300 2864 Ocriculi,
320 2814 375 2870 per
387 2795 484 2862 otium,
508 2793 634 2868 agitabat.
675 2791 768 2849 Causi
780 2799 836 2848 tam
848 2810 945 2866 pravae

58 2888 153 2944 moras,
175 2880 206 2931 ut
223 2873 385 2932 Mucianum
408 2871 620 2947 opperirentur.
661 2869 726 2927 Nec
746 2866 877 2938 defuere,
898 2869 955 2961 qui

91 3045 105 3096 1
118 3045 253 3100 Marsum
261 3045 468 3116 geatoeproaperl
479 3042 536 3096 rei.v
564 3043 672 3097 Literas
684 3041 831 3108 laureatas,
840 3037 947 3092 indices

59 3113 186 3180 victorias,
196 3132 265 3184 quas
278 3117 314 3169 ad
323 3126 461 3178 senatum,
472 3122 564 3166 stante
572 3113 721 3182 republica,
732 3115 795 3179 post
807 3109 842 3161 ad
855 3107 946 3160 easa-

60 3197 101 3235 res
122 3187 283 3239 scribebant
305 3185 401 3238 duces·
415 3185 596 3237 exercituum.
640 3183 687 3235 Sic
708 3179 787 3234 Pan.
799 3177 903 3244 Paneg.
921 3175 947 3230 8.
990 3236 995 3246 ,

60 3251 148 3308 dilato
157 3251 532 3308 eruteaPoonons'oloorea.
807 3299 808 3302 ,
890 3313 896 3327 ¹

64 3327 68 3338 '
91 3321 223 3378 2Receoe
242 3323 354 3378 aistand
375 3319 457 3376 mdes.
494 3321 576 3375 Hanc
597 3318 752 3374 Florentini
772 3327 801 3370 ot
821 3329 947 3396 omnium

59 3390 195 3446 aditorum
218 3389 369 3446 lectionem
391 3391 486 3445 firmat
508 3405 618 3459 quoquo
644 3389 758 3458 Regius.
793 3384 970 3458 synnusia,

61 3473 107 3512 sun
118 3463 215 3516 codice
224 3463 332 3528 maluit,
343 3459 562 3529 raccoto'pirtorid
570 3459 652 3514 mdes.

62 3610 74 3648 c
92 3529 109 3581 3
118 3531 213 3656 lfestos
238 3531 352 3588 Smurni
371 3530 436 3589 olea
473 3530 583 3599 Quibus
602 3531 711 3588 initium
724 3528 758 3594 19
775 3527 879 3594 melinis
890 3523 948 3584 De«

76 3613 118 3654 em
135 3617 185 3659 ns.
723 3653 724 3656 ,

58 3697 72 3740 s
464 3685 487 3746 P
