2254 3960
85 373 109 424 r.
122 361 205 424 aar.
245 395 249 402 ·
435 359 646 431 'Anniculae
675 448 677 450 ,
844 383 848 390 ·
922 373 974 432 tea

125 512 263 572 XXVlll.
285 507 391 591 Eidem
412 523 509 576 aetate
532 520 635 578 cohors
645 515 818 592 Usipiornm,
828 536 886 594 per
898 519 972 578 Ger-

86 593 621 667 tnauinecomeripta,etinBritanniam
628 595 973 670 trammiasa‚maguumac

85 668 271 730 memorabile
283 668 388 728 facium
399 689 464 730 anea
472 681 524 730 eet.
566 672 669 730 Occiso
678 673 846 744 centurione
858 693 891 731 ac
899 675 972 734 mili·

88 747 172 815 noun,
186 746 245 880 pul,
266 746 301 807 ad
317 748 481 806 tradendam
495 749 675 825 disciplinam
687 749 973 826 immixtimanipulir',

87 841 192 898 exemp
203 842 251 882 um
261 831 290 886 et
298 832 425 882 rectores
435 827 619 895 habebantur,
628 834 686 884 tres
697 826 860 897 liburnicas,
871 827 973 888 adactis

86 919 142 976 per
153 901 213 958 vim
224 902 468 974 gubernatoribus,
478 903 631 961 ascendere
642 925 650 960 :
675 911 714 972 et,
725 923 780 961 uno
795 905 973 980 remigrante,
1024 940 1027 948 ·

86 977 227 1052 suspectio
240 978 349 1036 duobur
362 980 457 1055 abque
471 977 637 1048 interfectis,
658 981 780 1037 noudum
800 981 914 1055 vulgato
927 1001 973 1040 ru·

86 1073 178 1123 ruore,
192 1062 223 1112 ut
230 1055 406 1124 miraculum,
415 1057 646 1131 provehebantur
657 1078 664 1114 :
679 1073 755 1126 mox,
766 1058 820 1115 hac
829 1066 913 1133 atque
926 1060 975 1116 illa

87 1132 171 1207 rapti,
192 1139 299 1190 etcum
318 1132 464 1208 plerisque
477 1133 685 1201 Britannorum,
699 1151 748 1189 sua
759 1133 973 1204 defensantium,

86 1208 190 1283 proelio
202 1209 357 1296 congessi,
371 1226 403 1268 ao
411 1226 486 1285 sepe
495 1211 628 1278 victores,
638 1209 784 1284 aliquando
798 1211 882 1284 pulei,
894 1213 930 1268 eb
940 1210 974 1267 ad

20 1291 26 1325 ·'
86 1291 246 1344 extremrnn
257 1286 361 1360 rnopie
373 1283 491 1354 venere,
505 1293 536 1344 ut
547 1286 749 1368 infirmiflimoe
767 1304 893 1354 suornm,
907 1305 974 1344 rnox

85 1368 164 1420 sorte
172 1361 281 1431 ductos,
291 1371 495 1422 vescerentur:
512 1369 606 1438 atque,
620 1357 854 1420 ita'circumvecti
863 1363 970 1420 Britan-

84 1439 171 1508 niam,
180 1439 286 1496 amissio
296 1453 350 1514 per
358 1439 495 1497 inscitiam
504 1439 620 1514 regendi
633 1439 760 1507 navibur,
769 1457 823 1514 pro
832 1439 972 1514 predoni-
985 1490 988 1499 ,

85 1515 138 1572 bus
153 1515 376 1590 habntprimum
386 1516 401 1572 a
412 1515 523 1584 Suevie,
532 1535 597 1573 mox
607 1515 730 1573 alriciio
738 1517 888 1590 intercepti
897 1524 971 1574 suut:

55 1647 59 1650 .
85 1611 120 1650 ac
129 1591 224 1660 fuere,
238 1611 308 1669 quoe
317 1611 370 1668 per
380 1593 550 1652 commercia
561 1593 753 1662 venumdatos,
767 1599 796 1650 et
808 1593 837 1649 in
850 1600 973 1651 nostram

86 1687 176 1744 neque
189 1668 279 1744 ripam
292 1670 443 1727 mutatione
452 1671 603 1728 ementium
612 1670 755 1738 adductos,
764 1670 897 1728 indicium
906 1671 974 1727 tanti

85 1747 165 1802 coella
178 1745 345 1819 inlustravit.
388 1747 471 1804 luitio
483 1748 585 1805 astatis
594 1747 735 1821 Agricola,
744 1747 897 1804 domestico
911 1749 973 1804 vul·

85 1837 158 1879 ner-e
168 1822 253 1891 ictus,
267 1831 338 1880 anno
352 1825 413 1880 ante
427 1832 520 1884 natum
535 1824 622 1880 fillum
635 1824 733 1880 amisit.
775 1825 867 1892 Quem
880 1842 975 1881 casum

85 1917 181 1974 neque
194 1907 224 1956 ut
237 1899 367 1974 plerique
378 1897 493 1957 fortium
503 1899 640 1966 virorum,
650 1893 803 1966 ambitiose,
818 1917 910 1972 neque
920 1918 974 1972 per

84 1975 312 2034 lamentatorem
323 1995 516 2035 acmoerorem
524 1975 609 2032 mulie
622 1974 713 2031 briter
722 1975 803 2032 tulit:
823 1982 854 2030 et
860 1975 888 2030 in
894 1974 974 2046 ,luctu

84 2052 194 2108 bellum
206 2053 281 2109 inter
294 2053 420 2110 remedia
433 2060 503 2111 erat
627 2083 630 2089 ¹

124 2125 233 2185 XXIX.
256 2128 354 2200 Igitur,
375 2131 519 2202 premissa
539 2131 734 2199 classesque,
754 2124 885 2199 pluribus
904 2126 974 2184 locis·

84 2205 219 2281 predata,
231 2223 361 2278 magnum
374 2211 404 2260 et
414 2197 553 2261 incertum
560 2210 702 2260 torrorem
711 2199 829 2270 faceret,
841 2202 973 2277 expedito

83 2283 226 2349 exercitu,
240 2281 286 2338 cui
300 2299 336 2338 ex
350 2279 491 2338 Britannis
504 2279 680 2347 fortissimos,
704 2287 732 2336 et
744 2280 827 2354 longa
840 2297 911 2353 pace
924 2297 974 2336 ex·

84 2357 553 2434 ploratoeaddiderat,admontem
562 2357 726 2432 Grampium
756 2356 879 2426 ervenit,
889 2375 973 2434 quern

80 2433 718 2511 jambosteaineederant.NamBmtanni,nihil
752 2435 975 2510 actipugnrepri·

83 2513 295 2582 orieeventu,et
302 2511 436 2569 ultionem
443 2510 976 2586 autnervitiumexspectanteatandem·

85 2607 143 2666 que
157 2587 244 2658 docti,
258 2607 408 2646 commune,
418 2588 734 2664 penomumconcomit
743 2585 974 2664 propulsandum,

85 2665 309 2740 legationibueet
316 2664 602 2724 soederibueomnium
610 2663 754 2720 civitatum
761 2662 838 2718 vires
845 2663 975 2720 exscire·

85 2750 159 2800 rant.
201 2743 321 2818 Jamque
334 2761 422 2816 nuper
434 2742 546 2816 triginta
558 2740 645 2797 millia
656 2746 825 2796 armatorum
839 2739 975 2813 adspicie-

17 2837 22 2846 “
83 2819 201 2888 bantur,
209 2820 336 2877 etadhuc
345 2818 483 2876 adfluebat
491 2817 579 2876 omnis
583 2817 729 2894 juventus,
741 2822 769 2872 et
779 2815 880 2889 quibus
888 2815 975 2874 cruda

84 2915 120 2955 ac
141 2895 240 2954 viridia
256 2904 398 2963 senectus,
419 2895 490 2954 clari
509 2895 598 2962 bello,
621 2913 653 2952 ac
672 2911 725 2951 aua
738 2892 858 2966 quiaque
871 2893 975 2954 decora

81 2976 242 3048 gestantes:
264 2973 338 3041 cum,
360 2973 436 3030 inter
457 2972 555 3048 plures
577 2971 675 3038 duces,
696 2969 801 3028 virtute
822 2976 851 3028 et
869 2987 975 3042 genere

81 3056 235 3126 praestana,
249 3049 361 3108 nomine
375 3049 523 3123 Galgacus,
546 3048 621 3123 apud
640 3054 810 3105 contractam
823 3045 974 3104 multitudi-

82 3145 164 3194 nem,
185 3125 317 3202 proelium
341 3133 519 3202 poscentem,-
536 3124 565 3182 io
579 3125 654 3185 huuc
667 3123 780 3180 modum
793 3123 903 3179 locutus
917 3120 974 3181 for·
1014 3164 1017 3172 Δ

82 3209 143 3261 tur.

124 3277 220 3337 XXX.
242 3279 397 3350 ‘Quotiens
418 3273 514 3338 caueae
526 3278 596 3336 belli
609 3285 639 3336 et
646 3276 843 3335 *necessitatem
853 3281 976 3334 noctram

84 3365 92 3392 ‘
110 3355 235 3426 intueor,
246 3375 361 3432 maguus
374 3357 443 3415 mihi
452 3355 557 3416 animur
568 3362 621 3424 eat,
630 3354 799 3422 hodiernum
809 3351 971 3438 diem‚con·

82 3441 91 3468 ‘
106 3451 282 3510 aeneumque
295 3439 433 3499 vestrum,
446 3430 554 3492 initium
566 3431 703 3490 libertatis
716 3431 801 3490 totiue
820 3428 972 3495 Britanniae

81 3517 92 3546 ⁶
107 3509 184 3567 fore.
205 3511 279 3568 Nam
289 3518 318 3569 et
325 3510 451 3569 universi
459 3509 601 3568 servitutis
612 3515 757 3596 expertes,
767 3515 796 3564 et
806 3497 889 3564 nulia
900 3503 974 3562 ultra

80 3592 198 3648 ‘terre
218 3605 298 3648 acue
317 3593 401 3648 mare'
415 3587 528 3720 quiderp
547 3604 688 3722 parumn,
709 3585 872 3646 imminente
893 3581 973 3649 nobie
