2252 3958
142 343 235 422 et·
379 353 461 445 Ac.
480 327 746 435 coturnum
853 293 1040 402 noemi,

145 505 234 582 Igitur
253 520 336 578 vagos
358 507 387 558 et
406 500 580 574 incuriosos,
591 489 674 552 tertia
685 489 786 566 legion¹
801 483 945 572 ,adjunctis
959 481 1037 539 auxi·

145 581 202 653 liis,
216 579 332 656 repente
346 578 463 634 invasit:
486 573 559 651 apud
579 571 724 628 Romanos.
733 565 826 623 omnia
835 561 939 640 pnoelro
954 566 1036 634 apta:

146 661 278 717 Sarmatae
289 655 408 730 dispersi
420 653 550 728 cupidine
571 647 687 724 praedae,
703 650 749 700 aut
761 658 861 716 graves
876 649 965 696 onere
979 651 1041 723 sar*

146 736 281 800 binarum,
297 739 326 788 et
341 731 450 788 lubrico
470 730 602 786 itinerum
617 723 748 796 adempti
761 735 900 792 equorum
908 730 1039 799 perurer-

146 819 215 877 tate,
236 810 315 866 velut
341 808 427 864 vincti
446 803 634 864 caedebantur,
676 798 806 870 Namque
827 789 1039 876 mirumpdrctm

147 895 179 944 ut
192 888 227 942 sit
240 886 328 946 omnis
350 885 536 962 Sarmatarum
550 879 650 944 virtus,
662 876 744 948 ,velut
756 877 837 928 extra
850 871 946 943 ips'os3
969 864 1040 921 nihil

148 964 182 1019 ad
190 963 360 1038 pedestrem
395 978 493 1033 ugnam
507 967 562 1015 tam
575 971 720 1028 ignavum:
742 949 791 1005 ubi
804 965 858 1022 per
871 953 978 1001 turmas
993 942 1040 998 ad-

149 1055 268 1106 venere,
283 1039 331 1095 vix
344 980 399 1092 ulia
410 1037 484 1094 acies
498 1032 646 1091 obstiterit.
688 1027 745 1084 Sed
752 1034 809 1082 tum
824 1021 937 1078 humido
946 1020 1005 1088 die,
1015 1023 1043 1075 et

150 1117 241 1171 soluto
264 1116 340 1188 gelu,
361 1115 455 1188 neque
473 1111 558 1178 conti,
572 1125 666 1184 neque
679 1103 774 1178 gladii,
795 1098 1042 1186 quospraelongos

1108 679 1118 942 t

150 1194 269 1268 utraque
290 1208 372 1252 muru
393 1196 504 1262 regunt,
527 1186 600 1253 usui,
620 1181 791 1256 lapsantibus
812 1191 903 1251 equis,
925 1181 955 1232 et
967 1176 1044 1230 cata-
1108 1205 1113 1216 ·

151 1269 329 1342 phractarum
349 1266 487 1341 pondere.
529 1263 574 1318 ld‘
601 1257 781 1334 Principibus
809 1259 852 1307 et·
869 1251 1043 1306 nobilissimo

151 1345 254 1419 cuique
279 1351 402 1416 tegmen,
423 1340 524 1397 ferreis
538 1335 645 1396 laminis
666 1337 713 1388 aut
735 1331 868 1405 praeduro
881 1329 961 1385 corio
976 1344 1044 1383 cons

152 1429 275 1489 sertum;
290 1428 321 1493 ut
332 1417 464 1474 adversus
473 1417 544 1473 ictus
566 1409 792 1485 impenetrabile,
806 1408 844 1462 ita
856 1405 964 1478 impetu
979 1404 1045 1460 hos-

152 1497 222 1554 tium
232 1494 389 1570 provolutis
415 1491 539 1550 inhabile
565 1489 600 1566 ad
621 1485 842 1560 resurgendum:
857 1482 940 1538 simul
953 1479 1045 1538 altitu-

99 1605 113 1630 ·
145 1571 230 1636 -dine,
254 1577 283 1625 et
308 1567 424 1626 mollitii
447 1567 530 1634 nivis,
555 1565 766 1623 hauriebantur.
808 1557 953 1615 Romanus
963 1558 1047 1613 miles

154 1644 230 1702 sacili
253 1644 369 1711 lorice?
382 1651 411 1700 et
436 1643 533 1700 missili
556 1641 626 1716 pilo,
647 1646 693 1695 aut
705 1637 811 1696 lanceis
825 1635 977 1703 adsultans,
999 1634 1048 1690 ubi

156 1737 203 1778 res
211 1727 354 1795 posceret,
363 1719 421 1775 levi
431 1717 523 1792 gladio
533 1718 671 1774 inermem
681 1717 845 1779 Sarmatam,
856 1709 1049 1788 (nequeenim

155 1795 268 1852 defendi
278 1803 357 1854 scuto
365 1813 426 1852 mos
438 1793 495 1872 est)
503 1795 631 1852 cominus
641 1791 764 1847 sodiebat
775 1811 782 1844 ε
792 1789 885 1846 donec
893 1787 990 1861 pauci,
1001 1785 1050 1858 qui

157 1873 260 1948 proelio
286 1870 495 1947 superfuerant,
516 1869 662 1946 paludibus
678 1867 859 1923 abderentur.
882 1863 925 1919 lbi
938 1861 1050 1919 sevitia

158 1949 268 2016 hiemis,
289 1956 319 2005 et
344 1948 373 2004 vi
386 1935 537 2003 lutherum
551 1943 699 2018 absumpti.
742 1941 892 2014 Postquam
905 1939 934 1994 id
948 1937 1049 1995 Romae

158 2031 345 2100 compertum,
375 2022 416 2078 M.
432 2022 558 2097 Aponius
572 2019 701 2076 Moesiam
719 2017 858 2082 obtinens,
884 2013 1052 2088 triumphali

157 2105 256 2167 statut,
266 2101 384 2157 Fulvius
399 2099 540 2165 Aurelius,
549 2105 579 2153 et
588 2095 715 2151 Julianus
724 2089 1051 2159 renumerandum

157 2178 266 2255 Lupus,
277 2173 360 2251 legati
385 2176 535 2249 legionum,
557 2171 748 2230 consularibus
762 2167 933 2224 ornamentis
946 2167 1051 2221 donan-

160 2259 224 2316 tur:
242 2255 308 2310 laeto
320 2253 456 2319 Othone,
470 2259 500 2308 et
510 2249 628 2324 gloriam
640 2249 669 2304 in
681 2264 713 2304 se
733 2246 875 2310 trahente,
889 2251 898 2277 ‘
910 2248 1052 2315 tamquam

163 2337 173 2366 ‘
186 2339 215 2388 et
227 2331 288 2405 ipse
301 2329 370 2388 selix
382 2329 470 2395 bello,
483 2333 513 2384 et
535 2326 592 2382 suis
605 2324 722 2381 ducibus
740 2321 857 2396 suisque
877 2318 1053 2377 exercitibus

162 2415 172 2442 ‘
186 2408 388 2482 rempublicam
401 2403 543 2464 auxisset?
789 2459 790 2462 ,
1001 2389 1006 2396 ’

200 2483 318 2544 LXXX.
361 2481 453 2540 Parvo
476 2481 588 2538 interim
611 2479 702 2547 initio,
721 2476 877 2535 undenihil
890 2475 1055 2542 timebatur,

132 2585 134 2590 s
166 2567 228 2618 orta
241 2560 351 2629 seditio,
365 2561 454 2634 propi
463 2558 526 2614 urbi
538 2557 647 2614 excidio
661 2555 722 2612 fuit.
764 2551 1057 2628 Septimamdecimam

164 2640 321 2708 cohortem,
335 2655 352 2698 e
375 2636 485 2698 coionit
498 2633 634 2702 Ostiensi,
653 2633 683 2692 iu
696 2633 796 2690 urbem
807 2629 895 2688 acciri.
906 2627 983 2684 Otho
993 2627 1055 2701 jus-

199 2767 214 2819 1
230 2755 322 2820 Tertia
333 2763 411 2834 legio.
439 2763 510 2821 Quae
522 2761 581 2814 sole
593 2771 693 2826 pugnae
702 2753 836 2819 interfuit,
848 2753 913 2806 licet
923 2751 1001 2806 Otho
1010 2751 1059 2805 tri·

165 2851 213 2890 um
228 2836 378 2902 legionum,
396 2847 466 2901 ques
481 2841 549 2882 tunc
569 2827 669 2880 'hebuit
687 2823 793 2887 Moesia,
808 2823 916 2890 legatis,
938 2821 1058 2874 vitandae

165 2903 348 2980 emulstmnis
356 2901 441 2958 causa
454 2901 527 2966 inter
544 2913 634 2964 pares,
646 2893 804 2954 consularia
814 2903 979 2952 ornamenta
992 2904 1058 2944 con-

167 2977 322 3096 οθὲβῗιιιῐὲίὶἰ
332 2983 422 3084 hmo.
431 3033 449 3084 ἰ.
458 3047 483 3084 e.
491 2993 585 3094 habili,
594 2987 654 3084 sine
663 3029 796 3098 pondere,
806 3043 858 3080 neo
869 3028 991 3095 gestanti
1000 3044 1061 3082 mo-

167 3105 247 3169 lesti,
265 3101 339 3157 Flor.
360 3099 559 3168 scribitfoet'lt's
569 3098 660 3164 tested,
672 3109 703 3153 ut
715 3099 789 3161 olibi,
798 3097 894 3166 sagulo
906 3097 985 3164 leuca,
1015 3096 1061 3150 Iu-

66 3211 68 3216 *
167 3173 211 3230 fra
220 3189 256 3228 ex
268 3169 463 3228 emendations
477 3169 578 3222 Mureti
591 3168 727 3231 dedimus,
738 3165 778 3218 itt·
788 3164 891 3218 aaudiat
899 3163 1064 3230 bianiaetvi

168 3245 308 3298 aulam
319 3236 461 3308 absumpti,
480 3254 566 3305 quum
578 3238 606 3299 iu
621 3237 698 3293 Flor.
708 3248 736 3290 et
743 3235 834 3303 Regio
844 3237 975 3302 corrupte
985 3235 1064 3304 legn-

169 3322 223 3376 tur,
240 3309 280 3371 tbi
293 3306 404 3372 mitit,
428 3305 523 3364 Metuis
546 3309 571 3358 st
590 3305 653 3383 epid,
666 3306 795 3373 quodest
807 3304 1008 3369 misericordie,
1020 3303 1067 3360 vel

169 3380 290 3442 miseria,
301 3378 448 3434 aulonem.
476 3375 613 3430 Emestns
625 3374 854 3445 scriptispropius
865 3373 1007 3430 inhaerens
1015 3390 1066 3440 pue

171 3457 213 3500 tut
232 3447 326 3509 fuisse,
345 3449 369 3498 et
388 3443 499 3498 second
510 3445 657 3509 mianum,
670 3459 756 3514 quum
768 3443 827 3498 scil.
839 3457 938 3495 curere
946 3443 1070 3496 vulnere

173 3529 230 3566 non
251 3524 373 3581 possent,
396 3514 489 3580 inopia
510 3509 696 3579 fomentorum
708 3509 737 3564 e't
754 3511 961 3576 remediorum
980 3512 1069 3591 idque

161 3597 272 3646 ¹serum
290 3591 428 3647 putamus.
464 3579 615 3646 Ryokiuse
636 3597 687 3632 suo
699 3580 797 3646 codice
810 3580 894 3650 dedit,
905 3579 954 3637 ati
964 3578 1074 3646 uaevtlt'u

170 3646 398 3705 sementeron
410 3646 697 3721 sulmmotssmpti,
750 3647 753 3652 '
815 3639 827 3652 '¹
892 3655 895 3664 ’
1075 3643 1080 3652 ’

1108 1514 1120 1785 l

1114 1821 1121 1951 l

1115 2008 1121 2056 l
