2254 3960
88 319 210 402 aare
316 345 470 418 merore
490 347 562 402 orn.
582 349 759 408 metues.
935 355 986 411 nei

87 468 231 552 invaserit,
241 491 266 549 :1
301 491 443 552 decimam
465 494 615 569 legionem,
644 498 792 570 arenam
824 500 985 574 secundam,

87 565 282 640 Batavoduri;
297 577 327 628 et
334 570 457 628 Grinnes
466 569 641 649 vadumque,
650 575 809 636 cohortium
820 579 984 668 alarumque

87 654 202 706 castre:
222 647 264 704 ita
281 647 379 704 diuisis
391 645 499 724 copiis,
514 647 545 707 ut
563 652 626 726 ipse
645 658 675 708 et
687 649 796 723 Verex,
809 673 908 714 sorore
923 675 984 732 epus
1082 667 1092 678 “

86 725 211 796 genitias,
225 723 437 801 Classicusque,
459 745 491 784 no
513 726 610 789 Tutor
632 747 710 786 snam
731 731 851 808 quisque
872 751 985 801 menum
1081 791 1084 794 .

86 802 257 858 traherent:
280 819 333 858 nec
348 803 441 860 omnia
451 804 577 878 patrandi
591 805 702 875 fiducie,
716 809 778 876 sed,
793 805 897 868 ‘multa
909 811 983 869 ausis

86 885 94 911 ‘
112 879 208 953 alique
221 879 250 934 in
268 886 348 954 perte
361 879 503 938 fortunam
516 880 622 938 adsere.
664 883 756 942 Simul
766 885 919 956 Cerialem,
933 908 982 946 ne-

85 963 94 990 ‘
111 973 170 1030 que
184 956 248 1012 satis
261 964 383 1025 cautum,
397 965 436 1026 et,
451 958 578 1032 pluribus
592 961 706 1028 nuntiis,
717 962 773 1020 huc
787 964 854 1023 illuc
868 984 981 1023 cursans

85 1040 93 1066 ‘
110 1039 182 1100 tem,
197 1051 280 1108 posse
294 1033 555 1110 medio.intercipi.’
597 1037 705 1105 Quibus
728 1040 906 1100 obvenerant
923 1062 981 1102 cas-

83 1116 131 1167 tra
150 1109 380 1180 decumanorum,
394 1113 629 1186 oppugnationem
649 1114 767 1192 legionis
788 1119 901 1176 arduam
919 1123 982 1192 rati,

67 1205 233 1260 ,egressum
253 1187 380 1258 militem,
394 1196 423 1245 et
442 1190 584 1248 cedendis
607 1191 735 1248 materiis.
751 1201 910 1267 operatum,
923 1203 981 1256 tur.
1025 1193 1052 1226 ’“

82 1265 205 1331 bevere,
220 1265 313 1322 occiso
327 1263 464 1340 praefecto
476 1273 646 1336 castrorum,
660 1276 690 1326 et
705 1269 829 1344 quinque
849 1273 980 1346 primori·

19 1341 24 1351 '
82 1343 139 1398 bus
154 1342 361 1411 centurionum,
375 1343 530 1418 paucisque
548 1345 691 1402 militibus.
733 1347 832 1405 Ceteri
846 1367 877 1405 se
892 1351 979 1408 muni-

83 1419 188 1488 mentis
201 1418 364 1477 defendere.
407 1420 443 1476 Et
463 1422 576 1486 interim
595 1423 801 1483 Germanorum
814 1444 911 1483 manus
925 1425 975 1484 Be·

83 1495 216 1567 tavoduri
249 1497 414 1572 inrumpere
453 1497 615 1558 inchoatum
647 1501 779 1576 pontem²
809 1505 978 1566 nitebantur.

84 1573 254 1646 Ambiguum
268 1575 402 1650 proelium
415 1593 471 1634 nox
482 1575 607 1637 diremit.

81 1703 91 1708 ..
124 1647 206 1707 XXI.
260 1650 331 1708 Plus
354 1651 523 1716 discriminis
548 1655 621 1730 apud
647 1654 771 1716 Grinnes
801 1656 977 1736 Vadamque.

83 1727 195 1786 Vadam
218 1727 329 1798 Ciuilis,
351 1729 475 1786 Grinnes
499 1731 651 1802 Classicus,
676 1737 892 1810 oppugnabant:
924 1757 978 1796 nec

83 1806 152 1882 sistit
179 1811 319 1885 poterant,
345 1807 495 1865 interfecto
523 1808 674 1868 fortissimo
701 1831 838 1887 quoque·;
860 1813 888 1869 in
934 1817 977 1873 uis

11 1915 14 1920 ·
82 1883 272 1958 Briganticus,
284 1883 436 1958 prefectus
460 1887 523 1956 ale,
542 1887 696 1955 ceciderat,
711 1906 795 1963 quem
815 1889 900 1948 tidum
948 1911 977 1948 o·

82 1962 183 2029 manis,
197 1968 227 2019 et
248 1961 335 2020 Civili
360 1965 500 2020 auunculo
521 1961 661 2020 insensum
681 1964 811 2029 diximus.
853 1967 909 2022 Sed
928 1964 977 2023 nbi

83 2039 208 2098 Cerialis
234 2058 298 2100 cum
323 2039 434 2099 delecti
461 2041 586 2115 equitum
619 2059 701 2112 manu
727 2038 866 2111 subvenit,
893 2045 978 2102 versat

82 2113 208 2188 somena,
222 2117 384 2193 precipites
404 2118 541 2176 Germani
561 2118 590 2176 in
606 2137 714 2178 amnem
729 2126 855 2194 aguntur.
897 2119 975 2179 Civi-

81 2197 131 2265 lis,
157 2195 224 2255 dum
249 2195 388 2270 fugientes
412 2203 543 2264 retentat,
570 2196 689 2269 agnitus,
715 2195 979 2276 petitusquetelis,

82 2274 186 2332 relicte
201 2275 470 2348 eqnmtronmavisi
490 2275 565 2332 idem
578 2274 726 2333 Germanis
741 2265 883 2350 effugium.
916 2277 985 2336 Tu
1094 2295 1098 2306 “

82 2359 179 2409 torem
200 2351 412 2426 Classicumque
434 2355 560 2427 appulsae
581 2353 681 2410 lintres
695 2373 815 2413 vexere.
857 2353 976 2416 Netum
1044 2352 1048 2358 ’
1118 2425 1119 2432 ¹

83 2429 201 2506 quidem
220 2429 344 2488 Romana
364 2431 463 2488 elassis
481 2450 582 2507 pugne
606 2430 703 2502 adsuit,
717 2439 748 2490 ut
765 2435 876 2510 jussum
890 2444 974 2508 erat:
1011 2443 1014 2450 ’

82 2508 134 2565 sed
159 2507 264 2567 obstitit
283 2506 413 2576 formido,
428 2516 457 2566 et
476 2511 598 2583 remiges
618 2529 672 2584 per
691 2509 870 2578 aliamilitiae
884 2513 977 2570 munia

80 2585 216 2660 dispersi.
258 2585 331 2644 Sene
344 2584 466 2646 Cerialis
486 2605 584 2662 parum
597 2589 732 2661 temporis
747 2589 781 2644 ad
794 2589 977 2661 exsequenda

80 2663 204 2737 imperia
229 2663 333 2734 dabat;
365 2665 471 2721 subitus
505 2663 638 2730 consiliis,
662 2663 712 2719 sed
746 2671 850 2721 eventu
870 2665 974 2724 clarus.

78 2742 196 2802 Aderat
214 2741 333 2810 fortuna,
348 2749 441 2800 etiam
462 2740 511 2798 ubi
535 2747 609 2797 artes
635 2737 811 2816 defuissent:
835 2740 900 2798 hinc
920 2743 975 2818 ipsi
1043 2791 1045 2796 ,

81 2819 280 2895 exercituique
304 2820 395 2877 minor
417 2837 486 2876 cura
508 2817 675 2892 disciplinas.
726 2815 762 2878 Et
785 2836 889 2894 periens
912 2830 976 2894 post

31 2894 34 2900 ’
80 2897 144 2956 dies
160 2916 326 2972 quamquam
336 2898 495 2971 periculum
505 2895 673 2971 captivitatis
682 2895 827 2967 evasisset,
836 2894 976 2957 infamiam

7 3009 9 3042 :
79 2993 140 3036 non
154 2975 261 3033 vitavit.

122 3051 218 3110 XXII.
256 3052 408 3110 Profectus
428 3051 585 3110 Novesium
605 3051 797 3128 Bonnamque,
812 3053 846 3110 ad
859 3055 976 3112 visenda

82 3138 265 3204 castraque
285 3130 448 3187 hiematuris
475 3131 630 3204 legionibus
649 3131 837 3203 erigebantur,
857 3132 975 3189 navibus

118 3305 133 3357 1
153 3303 458 3374 Presidio-legionum
470 3303 528 3356 und
540 3301 582 3356 die
604 3301 701 3356 Civilis
718 3301 916 3371 quadripartitis
931 3302 974 3356 iu·
1045 3347 1047 3351 .

80 3373 191 3428 omitt.
227 3373 326 3442 vulga,
335 3373 464 3444 presidio
473 3369 804 3442 uginuomnostctsoicte
816 3371 975 3442 quadripar-

80 3442 137 3496 sisu
149 3441 249 3496 Ciuilis
264 3442 402 3510 inuenerit:
438 3444 567 3510 Correxit
585 3443 708 3496 eoodicc
721 3441 907 3508 Ryckinnoet
918 3442 975 3494 edi-

81 3513 160 3566 tions
173 3509 422 3580 prima.Einestus,
434 3523 462 3564 et
474 3512 555 3572 tarot,
561 3513 650 3564 codex
667 3511 760 3564 Guelf.
772 3511 870 3578 inque
881 3511 976 3565 scribi·

80 3592 130 3634 tur
140 3580 253 3634 mmsis
263 3579 345 3646 uelim
357 3599 413 3634 nen
422 3582 533 3642 additur
548 3580 646 3634 Ciuilis
656 3591 719 3648 post
732 3579 856 3650 qundmp.

118 3649 426 3732 2Rempersnpootcm..
457 3651 506 3704 Ita
521 3651 746 3708 ernestusoum
761 3649 979 3706 autonomon
1028 3671 1031 3678 ·
1118 3665 1119 3672 ¹

80 3733 137 3790 aas.
150 3717 377 3790 Oxoaimmnpm
390 3721 502 3789 vulgato
513 3719 674 3792 inrumpere.
