2254 3960
127 349 182 408 arn
422 349 582 408 ccorr.
605 347 741 408 ricini
846 364 877 406 i.
890 344 1032 408 cesar.
1113 319 1114 367 ³

130 489 241 549 ‘classe
255 487 397 550 Remenl:
418 488 457 545 ita
473 486 608 562 proelium
628 496 713 564 atque
730 503 818 555 nima,
832 504 895 563 que
907 486 1031 546 fortibus

130 567 281 637 ‘honesta
296 568 394 626 eodem
413 566 497 622 etium
515 565 622 638 ignaris
643 565 781 622 tutissima
792 569 866 622 sunt.
911 563 1032 624 Priores
1113 605 1114 628 2

130 649 139 679 ‘
154 663 265 720 pugnae,
275 645 373 720 quibus
386 639 520 699 adversi'rs
531 641 674 700 Romanos
684 641 762 699 varii
771 639 883 699 fortuni
892 647 1031 699 certatum

130 727 207 789 ‘est,
221 739 301 795 spem
321 739 352 776 ac
367 717 522 776 subsidium
542 719 571 774 in
591 719 694 776 nostris
717 719 843 775 manibus
866 717 1029 775 habebant:
1113 705 1114 728 ³

129 802 139 832 ‘
154 799 218 886 quia
227 795 389 854 nobilissimi
402 795 488 854 totius
502 795 666 864 Britannia,
676 797 768 870 eoque
776 794 805 856 iii
816 794 886 868 ipsis
899 801 1030 868 penetra-

130 883 139 909 ‘
154 875 225 930 libus
238 873 294 940 siti,
308 891 362 930 nec
376 872 562 930 servientium
570 874 653 930 litora
663 872 842 946 aspicientes,
851 871 952 929 oculos
961 889 1031 946 quo·

129 957 205 1023 ‘que
218 949 234 1004 i:
247 951 379 1006 contactu
390 949 586 1008 dominationis
597 947 743 1006 inviolatos
757 948 942 1004 habebamus.
969 948 999 1004 N
1000 967 1031 1006 os

128 1031 289 1084 ‘terrarum
309 1045 343 1084 nc
359 1023 497 1084 libertatis
511 1035 664 1093 extremos,
687 1043 816 1082 recessus
829 1025 893 1098 ipse
908 1044 941 1082 ae
954 1026 1031 1082 rinus

129 1109 137 1136 ‘
152 1100 233 1160 famis
246 1103 277 1160 in
289 1104 365 1160 bunc
379 1103 455 1160 diem
472 1102 614 1160 defendit:
637 1120 710 1158 nunc
729 1101 865 1158 terminus
876 1100 1030 1159 Britannia

130 1187 138 1214 ‘
154 1187 251 1254 patet:
272 1187 356 1256 atque
369 1197 452 1238 omne
465 1180 589 1253 ignotum
602 1197 655 1253 pro
669 1177 815 1251 magnifico
826 1185 880 1234 est.
902 1178 959 1236 Sed
969 1180 1032 1234 nul·

130 1263 139 1291 ‘
153 1257 181 1314 ln
189 1257 249 1332 jam
261 1259 335 1314 ultra
348 1275 427 1330 gens,
439 1256 509 1313 nibil
522 1256 575 1312 nisi
588 1255 700 1324 fluctus,
709 1262 737 1311 et
746 1273 822 1322 saxa,
831 1261 860 1310 et
870 1253 1031 1312 infestiores

130 1341 139 1369 ‘
155 1331 294 1391 Romani:
316 1352 437 1409 quorum
449 1333 610 1407 superbiam
630 1330 735 1388 frustra
755 1349 809 1406 per
821 1332 989 1406 obsequium
1002 1337 1033 1388 et

130 1417 140 1445 ⁸
154 1411 318 1468 modestiam
339 1411 490 1484 effugeris:
513 1416 642 1484 raptores
666 1409 753 1477 orbis,
767 1417 915 1483 postquam
928 1409 1032 1466 cuncta
1113 1459 1114 1468 ,

130 1493 140 1522 ‘
154 1488 326 1545 vastantibus
339 1486 458 1546 defuere
470 1493 568 1555 terrm,
582 1494 611 1543 et
623 1504 703 1542 mare
715 1492 892 1542 scrutantur:
914 1486 938 1542 si
950 1486 1030 1542 locu·

131 1563 216 1694 ‘glas
233 1565 322 1621 hostis
344 1571 398 1652 est,
421 1564 518 1628 avari:
535 1564 565 1650 'si
578 1581 698 1650 pauper,
706 1561 868 1650 'ambit-insi:
890 1579 957 1636 quos
970 1579 1030 1619 uon

129 1646 139 1676 ⁸
179 1658 265 1707 ricus,
274 1659 329 1696 non
338 1640 480 1706 occidens,
491 1647 650 1698 satiaverit:
661 1641 714 1696 snb
724 1656 857 1705 omnium,
866 1655 936 1713 opes
945 1645 1031 1712 atque

130 1715 276 1790 ‘inopiam
289 1714 351 1790 pari
369 1715 472 1772 affectu
490 1715 711 1790 concupiscunt:
735 1714 858 1782 auferre,
877 1714 1030 1783 trucidare,
1113 1763 1114 1774 ,

129 1799 138 1826 ‘
153 1810 256 1868 rapere
270 1789 345 1849 falsis
358 1792 526 1861 nominibus,
546 1793 714 1870 imperium-5·
735 1798 830 1868 litque,
842 1792 891 1856 ubi
904 1791 1031 1850 solitarii„

130 1877 219 1927 ‘nem
232 1869 337 1928 faciunt
342 1890 445 1960 pacem
456 1871 618 1945 appellant?
776 1873 779 1878 ’

169 1945 276 2004 XXXl.
299 1948 436 2006 ‘Liberos
449 1948 553 2022 cuique
564 1968 596 2006 ac
607 1949 781 2025 propinquos
794 1967 859 2007 suos
873 1955 970 2006 natura
983 1967 1031 2006 ca·

130 2031 138 2058 ‘
154 2025 278 2082 rissimos
292 2043 356 2082 esse
369 2025 475 2082 voluit:
499 2025 528 2080 hi
537 2044 590 2100 per
602 2025 740 2095 delectus,
752 2026 818 2082 alibi
829 2025 973 2093 seruitum,
983 2045 1031 2082 au·

130 2099 302 2158 ‘ferunturi
324 2103 458 2188 conjuges
471 2119 654 2172 sororesque,
673 2104 726 2156 etsi
741 2101 871 2156 hostilem
885 2101 1036 2159 libidinem

129 2181 138 2211 ‘
153 2176 296 2250 effugiant,
308 2194 421 2232 nomine
434 2175 588 2232 amicornm
604 2183 688 2249 atque
706 2177 842 2253 hospitam
854 2178 1031 2252 polluuntur.

129 2258 138 2286 ‘
153 2251 232 2308 Bona
244 2252 425 2327 fortunasque
439 2251 468 2307 in
480 2252 614 2309 tributum
623 2259 741 2327 egerunt
754 2275 761 2323 3
782 2253 810 2309 in
821 2271 957 2310 annonari
970 2253 1031 2310 fru-

130 2334 440 2414 ‘mentumrcorpora
461 2328 522 2402 ipsa
541 2347 573 2385 ac
594 2348 702 2398 manus,
722 2329 800 2387 silvis
824 2349 855 2386 ac
881 2329 1032 2404 paludibus
1113 2355 1114 2370 i

128 2403 338 2472 ‘emuniendrq
363 2405 439 2460 inter
460 2405 584 2462 verbera
604 2425 636 2463 ac
655 2407 846 2474 contumelias,
867 2413 1030 2464 conterunt.

130 2487 139 2515 ‘
154 2479 227 2538 Nata
239 2479 368 2538 servituti
376 2479 514 2556 mancipia
526 2483 615 2539 semel
626 2491 760 2552 veneunt,
771 2490 854 2557 atque
864 2483 941 2540 ultrb
951 2482 968 2538 *a
978 2483 1031 2540 do·

129 2564 139 2594 ⁸
153 2559 234 2616 minis
245 2558 374 2616 aluntur:
390 2557 534 2615 Britannia
543 2560 800 2618 servitutem-suam
811 2559 935 2634 quotidie
949 2560 1031 2628 emit,

129 2642 139 2672 ⁶
154 2637 283 2712 quotidie}
291 2637 390 2712 pascit.
423 2637 475 2704 Ac,
489 2637 561 2693 sicut
573 2637 602 2693 in
614 2635 718 2694 familit
732 2636 941 2694 recentissimus
952 2637 1030 2712 quis·

129 2719 210 2788 tque
231 2730 380 2772 servorum
400 2719 431 2770 et
447 2714 592 2770 conservis
615 2713 736 2772 ludibrio
757 2721 818 2784 est3
848 2713 899 2782 sic,
917 2714 948 2770 in
973 2715 1031 2772 hoc

130 2790 231 2847 ‘orbis
256 2796 398 2848 terrarum
425 2795 526 2847 vetere
551 2789 692 2858 famulata,
725 2791 791 2846 novi
823 2809 875 2847 nos
900 2797 932 2847 et
956 2791 1031 2861 siles

92 2865 95 2869 ’
129 2865 333 2926 ‘inexcidium
346 2867 478 2942 petimur.
519 2865 622 2941 Neque
636 2867 711 2924 enirn
724 2885 791 2923 arua
803 2867 895 2934 nobis,
909 2873 956 2923 aut
967 2884 1030 2924 me·
1113 2863 1114 2900 l

129 2944 231 3012 ‘talla
245 2951 291 3001 aut
311 2951 409 3020 portus
428 2952 503 3014 sunt,
525 2943 625 3019 quibus
645 2943 812 3000 exercendis
833 2959 1029 3000 reservemur.
1058 3006 1065 3012 ,

129 3017 248 3078 ‘Virtus
261 3024 351 3096 porro
364 3029 397 3080 ac'
409 3019 516 3080 ferocia
538 3019 729 3094 subjectorum
747 3021 855 3092 ingrata
864 3019 1031 3095 imperanti·
1059 3019 1063 3024 '

130 3101 138 3130 ‘
152 3095 226 3153 bus:
247 3105 276 3154 et
289 3098 472 3175 longinquitas
486 3117 519 3155 ac
532 3104 673 3155 secretum
691 3097 794 3172 ipsum,
808 3097 866 3170 qub
879 3100 976 3165 tutius,
991 3098 1032 3154 eb

130 3173 318 3246 ‘suspectius
359 3173 402 3232 lta
421 3176 539 3243 sublata,
559 3171 612 3248 spe
624 3175 716 3231 veniae
730 3172 955 3250 tandemsnmite
969 3172 1031 3230 ani-

128 3251 237 3314 ‘mum,
259 3255 314 3304 tam
334 3250 435 3323 quibus
455 3253 540 3319 salus,
560 3251 645 3324 quam
665 3251 764 3326 quibus
783 3249 873 3323 gloria
885 3248 1033 3310 carissima

128 3322 137 3349 ‘
152 3326 204 3374 est.
246 3321 446 3393 Trinobantes,
463 3325 662 3397 seminudum,
676 3344 799 3384 exurere
812 3327 963 3393 coloniam,
978 3343 1031 3382 ex·

128 3393 272 3488 :ramme
286 3403 388 3462 castra,
401 3418 446 3466 ac,
464 3401 516 3456 nisi
534 3401 651 3460 felicitas
669 3404 698 3459 in
711 3402 869 3460 socordiam
882 3403 1030 3471 vertisset,
1113 3459 1114 3482 ,

150 3466 361 3536 exuerejngnm
370 3475 505 3542 potuEre:
521 3478 1031 3551 nosintegrietiudomiti‚etliberta·
1113 3487 1114 3504 ¹

127 3527 480 3663 :ffizffipraesentib
489 3550 581 3617 lamri',
595 3553 689 3640 primo
697 3556 789 3612 statim
802 3571 956 3640 congressu
970 3571 1033 3616 nou

224 3655 235 3666 ,
324 3646 332 3660 -
345 3630 416 3670 scos
428 3621 483 3676 sibi
495 3622 649 3692 Caledqnia
661 3647 739 3686 viros
752 3636 915 3705 seposuerit
924 3628 948 3689 l'

100 3869 260 3906 Qu,
