2254 3960
88 309 117 354 a:
133 311 163 350 a.
179 293 224 354 ru.
318 293 473 352 meren
493 296 564 372 mn
584 297 761 361 surmus.
931 303 983 362 sir
1037 307 1044 320 ·

90 441 122 500 in
134 439 274 507 ditionem
292 439 333 498 Μ.
348 442 460 506 Antonii
474 445 648 518 provinoiel
662 463 827 518 cmseranr3
848 465 901 506 rex
913 447 982 509 Per·
1001 459 1004 466 '

91 517 211 580 thorum
225 567 228 573 .
243 515 368 576 Pacorus
399 521 497 594 deaea
518 521 631 598 potitus,
649 521 877 599 ‚interfectusque
907 545 924 581 a
949 525 986 582 r:

91 591 240 662 Ventidio,
261 602 290 652 et
313 594 409 656 Parthi
431 606 506 662 trans
530 597 695 672 Euphraten
720 597 847 658 redacti:
867 599 983 660 ludaeos

92 667 130 725 θ’.
147 669 244 726 Sosius
256 671 374 744 subegit.
417 671 544 747 Regnum
564 676 599 732 ab
617 676 737 734 Antonio
758 675 867 734 Herodi
879 677 984 746 datum,

93 744 189 804 riotor
214 747 352 820 Aurgustss
378 751 463 806 auxit.
505 749 717 814 Postmortem
741 749 877 822 Herodis,
904 755 984 824 nihil,

92 825 269 896 exspectato
284 822 411 891 Caesare,
435 825 528 884 Simon
555 825 666 900 quidum
686 830 794 902 regium
819 849 921 888 nomen
943 831 983 888 in·

93 905 218 970 roserot.
260 899 287 958 ls
310 918 327 956 a
349 901 483 976 Quintilio
509 899 596 970 Varo,
620 903 763 963 obtinente
789 904 910 982 Syriam,
932 927 984 984 pu·

90 974 195 1034 nitus:
218 982 247 1032 et
267 985 379 1050 gentem
404 978 572 1052 coercitum,¹
590 978 675 1038 liberi
697 977 820 1040 Herodis
845 985 985 1058 tripartito

93 1069 212 1112 rexere.
253 1049 311 1110 Suh
334 1054 453 1112 Tiberio
474 1055 578 1129 quies:
600 1055 675 1124 dein,
692 1057 765 1130 jussi
783 1057 846 1115 aC.
869 1059 985 1121 Caesare

94 1129 242 1203 {effigiem
267 1131 328 1205 ejus
354 1131 508 1206 intemplo
534 1131 650 1202 lucare,'
673 1150 749 1190 orma
774 1135 865 1208 potiris
890 1155 984 1214 sump-

94 1223 186 1262 sere:
207 1222 291 1282 quem
310 1215 415 1266 mutum
433 1208 557 1272 Cesaris
580 1221 655 1266 mors
667 1208 799 1281 diremit.
840 1210 987 1284 Claudius,

94 1281 237 1342 defunctis
263 1285 387 1358 regilius,
409 1293 456 1344 aut
480 1286 515 1350 nd
540 1285 679 1344 modicum
705 1285 837 1355 redactis,
859 1286 987 1350 Judaam

95 1360 274 1434 provinciam
300 1362 440 1436 equitibus
467 1361 608 1432 Romanis,
632 1370 680 1420 aut
701 1363 810 1441 libertis
836 1364 985 1438 permisit:

96 1454 114 1492 e
139 1436 239 1512 quihus
263 1438 397 1498 Antonius
419 1437 515 1507 Felix,
525 1458 578 1514 per
604 1458 716 1498 omnem
736 1439 879 1508 ,sevitiam
900 1459 935 1498 ao
951 1441 985 1498 li·

94 1511 232 1582 bidinem,
253 1515 301 1589 jus
322 1515 431 1590 regium
455 1518 555 1574 servili
580 1517 690 1591 ingenio
713 1518 857 1586 exercuit,
876 1517 984 1576 Drusil-

94 1591 134 1658 rt,
158 1588 321 1666 cleopatra
346 1599 376 1650 et
398 1593 509 1650 Antonii
535 1601 632 1668 nepte,
653 1595 692 1652 in
707 1587 913 1664 matrimonium
938 1613 984 1654 ac·

95 1668 191 1742 cepti,
201 1675 230 1725 ut
240 1667 365 1750 ejusdem
376 1669 487 1726 Antonii
498 1670 578 1730 Felix
589 1690 740 1746 progener,
752 1670 985 1752 ,Claudiurnepos

96 1750 184 1804 esset.
731 1783 732 1787 ,
872 1797 876 1814 ,

97 1875 102 1883 .
136 1820 173 1900 X..
216 1821 335 1882 Duravit
348 1823 442 1884 tanum
459 1826 594 1905 patientia
608 1825 984 1904 Judaeis,usqueadG.essi·

95 1919 144 1958 nm
171 1899 300 1970 Florum,
324 1911 547 1977 procuratorem.
598 1904 655 1966 Sub
682 1922 717 1960 eo
737 1905 843 1974 bellum
868 1913 983 1964 ortum:

95 1977 336 2052 et-o'omprimere
357 1977 528 2054 coeptantem
548 1977 675 2036 Cestium
697 1979 820 2047 Gallum,
836 1979 926 2054 Syrie
944 1983 984 2038 le-

94 2061 199 2130 gatum,
212 2055 292 2114 varia
306 2057 415 2131 proelia,
429 2075 460 2114 ac
474 2055 577 2129 sanpius
598 2056 715 2112 adversa
734 2073 886 2128 excepere.
913 2057 985 2126 uni

96 2131 146 2188 uhi
167 2130 233 2200 satu,
254 2140 302 2190 ant
321 2134 405 2191 tedio
431 2133 533 2200 occidit
549 2154 556 2203 ;
575 2131 662 2194 missu
683 2131 817 2202 Neronis,
837 2129 985 2208 Vespasia·

96 2227 150 2266 nus
165 2206 282 2276 ,fortune
304 2209 443 2285 famique,
465 2216 493 2286 et
515 2210 634 2284 egregiis
657 2203 803 2278 ministris,
822 2209 894 2266 intra
918 2210 986 2268 duns

97 2294 221 2354 estates,
242 2294 341 2344 cuneta
366 2305 539 2364 camporum,
563 2288 727 2362 omnesque,
749 2293 856 2361 preter
882 2285 986 2346 Hiero·

94 2361 231 2440 solymo,²
256 2365 353 2432 u'rbes,
378 2365 643 2426 victnreexercitu
667 2364 790 2428 tenebat,
838 2362 986 2424 Proximus

96 2439 273 2510 amuscirili
287 2441 365 2513 hello
376 2441 508 2510 intentus,
530 2451 666 2518 quantum,
687 2440 721 2500 ad
734 2439 854 2504 xludaeos
868 2459 921 2517 per
934 2443 985 2506 ‹iti-

10 2569 11 2572 ,
95 2537 144 2576 um
165 2517 295 2588 transiit:
317 2537 387 2592 paee
411 2537 465 2594 per
487 2519 595 2584 ltaliam
617 2521 707 2595 parth,
721 2525 750 2574 et
770 2525 895 2575 externae
909 2534 985 2592 eure

95 2595 238 2666 rediere.-
269 2596 395 2669 Augebat
416 2597 482 2664 iras,
506 2597 582 2670 quod
608 2596 661 2651 soli
685 2593 778 2658 Judaei
804 2611 859 2648 nou
885 2593 984 2650 cessis-

94 2680 185 2730 sent..
212 2671 298 2730 Simul
320 2691 435 2730 manere
456 2671 529 2746 apud
549 2671 691 2729 exercitus
712 2665 819 2733 Titum,
834 2666 866 2721 nd
887 2685 983 2730 omnes

87 2747 291 2824 principatus:
323 2750 389 2807 nori
413 2760 532 2806 eventus
563 2763 680 2804 casusve
706 2741 800 2800 utilius
826 2740 984 2804 videbatur.

95 2825 187 2900 lgitur
199 2825 308 2894 castris,
322 2831 364 2885 uti
384 2827 514 2892 diximus,
527 2831 590 2880 ante
610 2819 711 2909 monnio
724 2813 987 2894 Hierosolymorum

95 2901 207 2980 positi,
219 2902 368 2960 instructas
380 2903 508 2978 legiones
522 2903 680 2958 ostentavit.
836 2964 838 2968 ,
959 2940 961 2946 s

135 2977 206 3036 XI.x
227 2977 245 3032 J
254 2977 320 3038 dai
339 2982 391 3036 sub
404 2979 490 3054 ⁴ipsos
512 2994 606 3036 muros
629 2982 759 3032 struxere
779 2972 884 3052 aciem,
898 2973 984 3031 rebus

94 3055 227 3118 secundis
247 3056 354 3131 longiis
377 3056 492 3113 ausuri:
515 3061 554 3122 et,
568 3053 590 3122 si
611 3051 797 3127 pellerentur,
810 3054 906 3125 parato
919 3067 984 3122 per·

94 3131 183 3208 fugio.
225 3131 327 3202 Missus
340 3135 369 3190 in
389 3151 438 3191 eus
459 3148 547 3208 eques
566 3147 630 3188 cum
653 3127 791 3203 expeditis
811 3124 985 3212 cohortihus,

95 3209 224 3286 arnbignu
246 3211 388 3272 certavit..
417 3209 486 3266 Mox
505 3225 620 3290 cessere
639 3201 982 3282 hostes„etsequent1bus

91 3407 99 3414 -
128 3369 147 3425 ,1
166 3365 325 3424 Prooirmioe.
363 3363 476 3420 Scilicet
487 3363 610 3432 orientis.
644 3421 646 3428 ,
780 3399 782 3402 -

130 3435 268 3491 2Proter
291 3437 483 3506 Hierosolymo.
523 3431 665 3502 Budonsis
680 3429 718 3486 'et‘
738 3427 841 3500 Regius
863 3424 987 3483 scribunt

94 3505 316 3593 Hierosolymam.
400 3567 406 3578 :
469 3577 474 3582 .
512 3567 570 3627 Η
