2254 3960
120 311 148 382 a,
167 315 194 353 c.
211 299 255 354 ss.
318 347 320 350 .
475 281 693 370 conuiuii.
988 310 1042 368 aaa

161 445 267 506 XLIV.
279 448 286 466 ⁸
309 445 444 508 Suionum
453 447 519 509 hinc
527 451 665 520 civitates,
676 453 738 529 ipso
748 453 777 510 in
791 453 917 526 Oceano,
931 467 1039 533 praeter

116 523 199 590 uiros
214 543 348 602 armaque
362 526 497 584 classibus
510 529 625 587 valent:
648 529 739 589 forma
756 534 866 590 navium
882 537 919 592 eo
932 535 1038 606 differt,-
1112 562 1114 571 Δ

118 601 198 676 φιόἀ
212 602 354 678 utrimque
378 623 463 680 prora
486 613 611 680 paratam
632 626 747 686 semper
766 613 895 686 appulsni
911 612 1038 687 'frontem

112 679 196 752 agit:
219 699 272 737 nec
286 681 357 741 velis
370 682 571 752 ministrantur,
583 703 636 743 nec
650 703 745 744 remos
758 688 786 743 in
800 689 927 747 ordinem
941 691 1036 750 lateri·

114 755 173 812 bus
194 757 353 833 adjungunt.
395 757 534 828 Solutum,
554 762 632 831 utin
652 764 819 838 quibusdam
840 767 993 836 fluminum,
1008 777 1038 828 et

114 836 266 903 mutabile,
280 843 311 894 ut
331 855 378 894 res
402 837 503 911 poscit,
524 838 590 896 hinc
612 841 659 898 vel
682 842 759 900 illinc
788 846 944 917 remigium.
986 845 1037 904 Est

115 912 193 986 apud
207 913 270 970 illos
284 920 314 971 et
331 914 431 988 opibus
452 915 558 973 honos:
582 919 675 993 eoque
695 937 766 976 unus
787 921 939 996 imperitat,
953 923 1037 982 nullis

86 1055 96 1068 ἵ
107 989 175 1063 jam
187 991 413 1065 exceptionibus,
427 1009 483 1048 nou
497 995 630 1066 precario
638 994 707 1069 jure
720 999 838 1070 parendi
852 1022 858 1054 :
881 1019 934 1057 nec
948 1019 1035 1068 arma,

103 1073 148 1123 ·ut
171 1068 245 1143 apud
265 1075 377 1126 ceteros
398 1069 569 1139 Germanos,
583 1071 611 1127 in
625 1075 797 1146 promiscuo,
812 1075 867 1131 sed
875 1078 971 1134 clausa
983 1079 1035 1135 sub

114 1145 246 1216 custode,
261 1154 290 1202 et
310 1145 424 1220 quidem
444 1165 548 1204 servo:
572 1149 636 1224 quia
648 1149 755 1206 subitos
770 1151 892 1208 hostium
906 1155 1035 1214 incursus

112 1210 253 1296 prohibet
265 1221 407 1282 Oceanus.
450 1223 556 1282 Otiosae
568 1228 657 1300 porro
668 1235 838 1286 armatorum
846 1247 942 1293 manus
953 1229 1034 1288 facile

100 1299 285 1363 dasciviunt:
308 1303 475 1361 enimvero
496 1321 590 1377 neque
611 1303 745 1373 nobilem,
766 1323 859 1379 neque
872 1306 1033 1379 ingenuum,

112 1395 153 1434 ne
167 1378 330 1436 libertinum
343 1379 457 1453 quidem
471 1379 554 1439 armis
568 1398 628 1454 prae
669 1399 749 1450 nere,
765 1383 846 1454 regia
863 1383 966 1440 utilitas
979 1393 1031 1443 est.
1050 1379 1054 1386 ’

156 1453 244 1512 XLV.
280 1455 373 1516 Trans
388 1457 503 1514 Suionas
517 1454 593 1514 aliud
635 1476 682 1515 are
696 1459 864 1533 pigrum,ac
878 1461 1032 1536 properio·

110 1540 232 1599 motum,
247 1537 302 1608 qud
326 1534 398 1608 cingi
421 1533 553 1610 cludique
576 1541 718 1592 terrarum
738 1537 846 1614 orbern¹
857 1538 922 1594 hinc
936 1539 1029 1612 tides;

112 1611 193 1686 quod
207 1618 350 1667 extremus
367 1611 491 1668 cadentis
499 1612 559 1686 jam
575 1613 649 1670 'Solis
670 1612 764 1687 fulgor
783 1614 811 1670 in
830 1622 908 1692 ortus
922 1615 1031 1688 edurat,

111 1687 188 1745 adeo
196 1688 298 1756 clarus,
306 1696 336 1744 ut
346 1688 440 1746 sidera
450 1689 576 1747 hebetet.
598 1691 828 1767 Sonuminsnper
841 1693 1030 1768 immergentis

111 1765 216 1840 audiri,
226 1764 386 1840 formasque
397 1766 526 1835 deorum,
533 1775 562 1824 et
572 1767 664 1824 radios
672 1769 771 1842 capitis
781 1769 877 1843 aspici,
885 1773 1030 1845 persuasio

109 1841 219 1918 adjicit,
261 1842 432 1919 illucnsque
448 1841 576 1922 (etfama
589 1844 672 1920 vera)
687 1847 793 1904 tantum
806 1855 913 1904 natura.
955 1847 1036 1922 Ergo

102 1919 169 1998 jam
182 1921 283 1978 dextro
298 1920 411 1978 Suevici
425 1922 510 1978 maris
523 1921 607 1979 litore
627 1921 784 1980 AEstiorum
803 1930 900 1996 gentes
922 1924 1031 1998 alluun-

108 2003 180 2056 tur:
203 1999 304 2074 quibus
331 1999 401 2057 ritus
424 1999 591 2073 habitusque
612 1998 782 2066 Suevorum,
805 1999 899 2072 lingua
919 1999 1031 2059 Britain
1119 2067 1120 2070 Ἴ

106 2075 185 2134 nicae
207 2076 334 2152 propior.
387 2075 509 2134 Matrem
529 2076 612 2132 dedm
636 2084 830 2133 venerantur:
854 2077 962 2152 insigne
982 2096 1030 2136 su·

107 2153 297 2229 perstitionis,
311 2153 414 2212 formas
436 2172 568 2228 aprorum
588 2159 704 2228 gestant.
748 2153 779 2210 ld
793 2171 847 2229 pro
860 2155 954 2223 armis,
966 2173 1028 2226 om.

93 2231 198 2302 mique
218 2234 326 2293 tutela:
348 2250 480 2290 securum
498 2232 562 2300 deae
583 2232 722 2290 cultorem
742 2232 825 2289 etiam
846 2231 920 2294 inter
932 2233 1031 2292 hostes

106 2313 236 2382 praestat.
279 2305 371 2365 Rarus
382 2308 608 2382 teirt‚1³requens
622 2310 737 2364 tustium
745 2325 821 2364 usus.
864 2307 1029 2382 Frumento,

71 2389 73 2396 '
108 2389 281 2460 ceterosque
295 2383 413 2452 fructus,
425 2383 585 2458 patientius,
599 2386 750 2461 quam‘pro
764 2386 858 2445 sollita
870 2384 1026 2445 Germano·
1117 2407 1118 2412 ¹

108 2479 176 2520 rum
198 2461 310 2529 inertia,
324 2461 462 2519 laborant.
505 2462 560 2518 Sed
581 2470 612 2519 et
631 2481 710 2520 mare
724 2472 905 2534 scrutantur,
928 2483 960 2522 ac
974 2465 1028 2522 soli

107 2533 235 2598 omnium
248 2539 402 2608 succinum,
413 2539 488 2614 quod
502 2539 556 2614 ipsi
570 2539 682 2595 Giesum
691 2549 801 2608 vocant,
811 2540 975 2608 intervada,
985 2548 1024 2598 at-

107 2613 167 2692 que
181 2617 209 2674 in
223 2618 286 2692 ipso
299 2617 394 2685 litore,
408 2618 512 2690 legunt.
554 2613 618 2672 Nec
627 2635 695 2690 quae
714 2624 823 2684 natura,
838 2635 939 2691 quaeve
953 2617 1026 2676 ratio

56 2748 61 2760 ,
106 2693 213 2768 gignat,
227 2701 257 2750 ut
271 2695 409 2762 barbaris,
424 2693 572 2769 quaesitum
588 2699 813 2766 compertumve.
855 2693 911 2752 Diu
926 2695 1024 2769 quine-

105 2770 185 2840 tiam,
195 2772 269 2828 inter
275 2777 372 2830 cetera
384 2771 571 2846 ejectamenta
578 2770 674 2837 maris,
680 2769 804 2845 jacebat,
813 2770 903 2828 done'c
914 2771 1026 2832 luxurio

105 2857 205 2906 nostra
219 2849 297 2905 dedit
315 2866 417 2906 nornen
431 2870 438 2904 ε
460 2847 529 2922 ipsis
545 2846 574 2904 in
587 2846 664 2903 nullo
677 2859 730 2903 usu
744 2868 751 2917 ;
772 2847 843 2904 rude
854 2848 968 2922 iegitur,
982 2849 1023 2906 in·

106 2924 200 2986 forme
215 2925 371 3002 perfertur,
384 2922 564 3000 pretiumque
577 2923 711 2981 mirantes
725 2924 874 2999 accipiunt.
903 2925 1027 2986 Succum
1114 2925 1115 2936 ¹

105 3010 203 3064 tanen
212 3005 344 3060 arborum
352 3021 415 3060 esse
425 3001 579 3076 intelligas;
594 3001 658 3076 quia
666 3007 781 3058 terrena
792 3002 930 3076 quaedam,
940 3009 1024 3078 atque
1113 3049 1114 3078 ,

107 3081 194 3139 etiam
207 3081 336 3138 volucria
349 3080 486 3149 animalia,
499 3081 668 3154 plerumque
688 3079 868 3146 interlucent,
884 3098 958 3154 quaa,
972 3079 1023 3138 im·
1112 3081 1114 3134 ἰ

106 3159 211 3236 plicata
224 3159 355 3226 humore,
369 3172 435 3215 moa
450 3156 620 3214 durescente
632 3157 760 3224 materis,
774 3157 933 3213 cluduntur.
955 3156 1035 3214 Ῥεν
1112 3205 1113 3228 ,

104 3235 244 3296 condior-a
256 3235 341 3310 igitur
360 3248 486 3292 memora
505 3233 652 3309 lucosque,
666 3235 738 3292 sicut
751 3231 876 3291 Orientis
890 3233 1020 3308 secretis,
1112 3237 1113 3262 ¹

105 3313 156 3372 ubi
170 3313 253 3371 thura
266 3314 443 3388 balsamaque
457 3311 602 3380 sudantur,
622 3310 659 3367 ita
679 3309 841 3368 Occidentis
854 3309 951 3366 insulis
964 3316 1022 3367 ter·
1097 3337 1112 3388 p

105 3389 206 3466 risque
219 3393 324 3460 inesse,
335 3387 522 3459 crediderim
544 3389 620 3463 quae,
628 3387 714 3444 vicini
726 3387 798 3444 Solis
809 3387 893 3444 radds
903 3403 1022 3461 express
1109 3395 1112 3454 j

104 3485 137 3526 sa
148 3475 232 3545 atque
245 3468 392 3545 liquentia,
406 3467 434 3523 in
448 3465 607 3541 proximum
620 3483 699 3523 mare
712 3464 855 3531 labuntur,
869 3482 902 3521 ac
915 3463 1024 3522 ritem«
1108 3467 1111 3518 t

105 3551 247 3624 pestutum
259 3547 289 3604 in
307 3545 425 3609 adversa
438 3543 521 3601 litora
542 3541 691 3600 exundant.
733 3541 762 3598 Si
776 3549 901 3600 naturam
915 3541 1022 3600 succini
1100 3551 1111 3601 ,t

108 3622 219 3690 admoto
241 3625 306 3704 igne
328 3629 432 3684 tontes.
449 3621 479 3682 iu
497 3620 613 3685 modum
631 3621 706 3684 tede
728 3619 901 3692 accenditur,
917 3618 1024 3699 alitque
1104 3631 1110 3750 p
