2254 3960
36 343 80 448 's
97 405 127 450 a.
145 393 189 450 ru.
276 391 431 480 maroa.
451 393 522 456 ma.
543 397 731 462 oumrus.
900 407 954 462 nr
1021 480 1023 488 y

59 539 191 598 ‘bellum
204 559 268 600 cum
287 544 396 631 populo
415 543 541 606 Romano
564 551 667 608 restris
690 569 722 608 se
742 551 868 609 manibus
890 569 953 627 ges·

60 623 179 675 ‘turum
189 613 346 678 classicus
369 630 486 697 sperat:
514 625 721 702 imperiumque
745 636 775 684 et
794 645 955 688 rsaacramen¹

59 700 66 724 ‘
81 700 143 750 tum
157 695 312 754 Galliarum
325 706 453 756 ostentat.
495 701 576 759 Ades
590 722 652 772 nos,
666 705 691 760 si
709 702 822 762 fortuna
834 703 863 760 in
877 722 952 779 prar-

58 775 149 840 ‘sens
169 773 316 848 virtusque
334 774 470 842 deseruit,
485 779 569 834 etiam
589 786 690 836 vetera
707 781 838 854 exempla
854 780 952 840 defici·

57 851 64 877 ‘
80 855 141 916 unt,
158 851 286 924 quotiens
307 849 442 910 Romana
463 854 588 926 legiones
608 857 704 929 perire
718 858 952 932 praeoptaverint,

57 930 63 954 ‘
78 943 115 980 ne
127 927 192 984 loco
204 924 383 1002 pellerentur
395 929 406 985 l
447 930 521 986 Socii
533 949 611 1005 sepe
620 933 718 1000 nostri,
732 934 858 992 exscindi
864 936 951 1012 upbes

57 1007 155 1072 ‘suas,
166 1023 255 1078 seque
279 1022 343 1061 cum
363 1006 528 1080 conjugibus
547 1026 579 1064 ac
597 1008 695 1064 liberis
714 1011 833 1066 cremari
853 1019 951 1084 pertu-

56 1077 196 1151 ‘lerunt;
219 1098 312 1156 neque
339 1082 413 1137 aliud
441 1083 563 1157 pretium
587 1084 686 1152 exitiis,
709 1086 792 1159 quam
814 1085 882 1144 fides
909 1088 950 1144 fa-

55 1159 193 1230 ‘maque
236 1157 375 1214 Tolerant
392 1159 455 1214 crim
476 1159 594 1218 maxime
614 1161 736 1234 inopiam
757 1161 951 1238 obsidiumque

56 1233 156 1306 ‘apud
180 1231 288 1289 Vetera
310 1233 447 1306 legiones,
461 1253 514 1291 nec
535 1244 647 1293 terrore
671 1244 717 1293 aut
737 1237 881 1310 promissis
901 1239 950 1295 de·

55 1315 242 1369 ‘moventem
285 1310 386 1378 Nobis,
407 1329 495 1385 super
516 1331 601 1381 arma,
622 1321 652 1370 et
675 1313 761 1380 viros,
787 1319 816 1369 et
840 1315 953 1386 egregia

54 1391 237 1444 ‘castrorum
281 1387 461 1456 munimenta,
503 1386 674 1446 frumentum
714 1396 743 1446 et
782 1398 951 1458 commeatus

56 1469 62 1493 ⁶
77 1464 208 1540 quamvis
228 1466 311 1538 longo
325 1464 401 1521 bello
416 1483 509 1538 pares.
559 1465 684 1523 Pecunia
697 1484 790 1541 nuper
803 1466 887 1522 etiarn
901 1466 950 1522 do-

56 1542 174 1598 ‘nativo
196 1541 327 1611 suffecit3
350 1542 425 1616 quod
444 1541 505 1598 sive
519 1563 536 1599 a
556 1542 738 1618 Vespasiano,
753 1544 813 1603 sive
831 1543 950 1600 aVitel-

55 1618 115 1675 ‘lio
141 1618 236 1678 datum
256 1619 439 1692 interpretari
460 1621 601 1688 mavultis,
616 1621 651 1676 ab
674 1620 849 1695 Imperatore
870 1625 949 1679 certe

55 1700 62 1724 ⁶
77 1693 207 1752 Romano
221 1696 377 1770 accepistis.
420 1696 479 1751 Tot
490 1698 630 1754 bellorum
644 1697 779 1765 victores,
789 1697 863 1771 apud
878 1698 947 1754 Gel-

55 1773 189 1848 ‘dubarn,
222 1773 295 1846 apud
318 1772 435 1840 Vetera,
464 1771 527 1831 fuso
548 1775 651 1830 totiens
674 1776 766 1842 hoste,
790 1775 813 1831 si
839 1777 947 1848 pa'vetis

55 1851 178 1924 ‘aciem,
199 1849 338 1923 indignum
358 1849 387 1905 id
408 1849 540 1923 quidem:
563 1849 613 1906 sed
633 1859 678 1908 est
689 1849 793 1908 vallum
807 1852 947 1926 murique,

54 1931 105 1984 ‘et
118 1927 249 1984 trahendi
270 1934 354 1994 artes,
375 1927 465 1982 donec
487 1945 503 1982 e
524 1927 659 2001 proximis
678 1927 831 2002 ppovinciis
846 1929 948 1984 auxilia

54 2009 60 2033 ‘
76 2006 277 2079 exercitusque
292 2009 473 2060 concurrant.
516 2005 586 2059 Sane
600 2021 652 2076 ego
673 2003 838 2076 displiceam
854 2023 861 2057 z
884 2011 948 2060 sunt

54 2082 121 2142 ‘alii
144 2082 237 2155 legati,
257 2081 373 2148 tribuni,
392 2081 521 2137 centurio
543 2080 676 2154 denique,
700 2085 747 2134 aut
768 2077 858 2133 miles.
900 2077 946 2136 Ne

54 2165 60 2188 ‘
75 2160 131 2218 hoc
153 2146 320 2233 prodigium‘
332 2165 391 2214 toto
406 2155 553 2214 ¹terrarum
566 2158 637 2213 orbe
652 2157 794 2229 vulgetur,
808 2154 888 2210 vobis
902 2174 945 2212 sa·

55 2237 222 2305 ‘tellitibus,
249 2235 373 2304 Civilem
407 2242 436 2292 et
462 2235 617 2292 Classicum
648 2234 754 2291 ltaliam
786 2232 943 2290 invasuros.

55 2316 117 2371 ‘An
132 2313 156 2370 si
170 2314 204 2370 ad
220 2312 321 2370 muenia
341 2313 418 2370 urbis
437 2312 573 2370 Germani
592 2312 724 2388 Gallique
744 2310 886 2379 duxerint,
901 2330 945 2370 ar-
1028 2338 1050 2367 ι

54 2395 119 2456 ‘ma
132 2392 232 2466 patria
245 2390 371 2448 inferetis
387 2390 399 2448 ‘l
439 2391 548 2448 Horret
562 2391 667 2448 animus
681 2389 749 2448 tanti
769 2387 864 2462 flagitii
877 2390 945 2448 ima·

54 2473 60 2498 ‘
73 2471 148 2544 gine.
200 2467 303 2525 Tutori
328 2468 461 2526 Trevero
488 2477 605 2542 agentur
626 2467 783 2526 excubie?
831 2468 946 2540 Signum

54 2547 142 2603 ‘belli
157 2545 278 2603 Batavus
292 2545 394 2603 dabit?
434 2546 640 2602 Germanorum
659 2552 786 2603 catervas
800 2545 944 2616 supplebi-
1018 2558 1022 2565 “

53 2624 136 2684 ‘tist
157 2623 218 2699 quis
239 2623 348 2680 deinde
361 2623 478 2680 sceleris
503 2622 618 2678 exitus?
639 2622 702 2677 edm
726 2619 860 2676 Romanae
874 2620 942 2691 legi·

52 2707 141 2759 ‘ones
168 2703 266 2758 contra
291 2700 448 2758 direxerint
464 2697 482 2754 :¹
502 2695 651 2768 transfuga
676 2714 692 2751 e
716 2693 889 2766 transfugis3
916 2702 945 2750 et

51 2787 58 2810 ‘
73 2779 232 2854 proditores
247 2797 263 2834 e
278 2777 479 2852 proditoribus,
493 2775 569 2829 inter
583 2789 683 2829 recens
698 2778 727 2827 et
747 2777 829 2826 vetus
849 2788 941 2828 sacra·
981 2843 983 2848 Ι

52 2863 198 2914 ‘mentum
220 2855 302 2912 invisi
325 2855 385 2910 deis
412 2849 568 2910 errabitis?
609 2849 666 2916 Te,
690 2847 804 2921 Jupiter
825 2847 942 2920 optime,

50 2934 204 3000 ‘maxime
219 2951 304 3007 quem
330 2949 385 3007 per
410 2931 582 3002 octingentos
609 2925 706 3000 viginti
730 2941 814 2980 annos
838 2929 880 2980 tot
892 2925 952 2982 tri-1

51 3003 185 3086 ‘umphis
199 3003 356 3067 coluimus:
379 3006 423 3075 te,
432 3005 562 3076 Quirine,
577 3004 710 3061 Romanae
732 3019 834 3076 parens
854 3000 942 3070 urbis,

30 3148 32 3156 ,
50 3095 56 3120 ‘
70 3106 177 3164 precor
189 3104 381 3162 venerorque,
395 3091 426 3142 ut
438 3084 460 3140 si
474 3083 555 3140 vobis
570 3079 691 3152 nonfuit
704 3077 795 3166 cordi,
809 3095 856 3134 me
869 3077 943 3134 duce

50 3167 133 3223 ‘haec
157 3162 249 3221 castra
269 3163 434 3238 incorrupta
447 3168 476 3218 et
489 3161 654 3216 intemerata
676 3173 798 3230 servari,
814 3161 841 3210 at
864 3155 942 3210 certe
996 3172 999 3175 ·

51 3250 56 3275 ‘
70 3242 160 3318 pollui
182 3241 340 3315 foedarique
355 3260 370 3315 a
384 3239 495 3295 Tutore
510 3244 539 3293 et
549 3234 678 3292 Classico
691 3251 728 3290 ne
742 3229 846 3288 sinatis.
873 3235 874 3246 ¹
887 3229 942 3288 Mi·

51 3319 166 3378 ‘litibus
188 3317 322 3374 Romanis
344 3323 390 3374 ant
413 3313 600 3372 innocentiam
621 3311 705 3386 detis,
727 3316 774 3366 aut
795 3313 941 3376 maturam,

50 3404 56 3429 ‘
70 3406 99 3454 et
112 3397 261 3454 sinenoxa
274 3392 487 3470 poenitentiam.5
812 3413 817 3424 ·

85 3473 162 3532 LIX.
204 3471 289 3530 Varie
313 3477 433 3545 excepta
453 3469 542 3526 oratio
565 3468 639 3524 inter
660 3483 750 3541 spem,
768 3469 940 3537 metumque,

50 3569 78 3608 ac
92 3551 240 3626 pudorem.
284 3549 449 3622 Digressum
469 3545 616 3614 Voculam,
632 3542 710 3607 etde
725 3540 865 3618 supremis
885 3541 939 3614 agi·

49 3635 159 3698 tantem,
181 3625 277 3686 liberti
303 3626 437 3716 servique
463 3623 639 3756 ppohibuere
664 3619 844 3680 laestissimam
865 3635 939 3675 mor·
982 3651 987 3656 -
