<?xml version="1.0" encoding="UTF-8"?>
<!DOCTYPE html PUBLIC "-//W3C//DTD XHTML 1.0 Transitional//EN"
    "http://www.w3.org/TR/xhtml1/DTD/xhtml1-transitional.dtd">
<html xmlns="http://www.w3.org/1999/xhtml" xml:lang="en" lang="en">
 <head>
  <title>
</title>
<meta http-equiv="Content-Type" content="text/html;charset=utf-8" />
  <meta name='ocr-system' content='tesseract 3.04.00' />
  <meta name='ocr-capabilities' content='ocr_page ocr_carea ocr_par ocr_line ocrx_word'/>
</head>
<body>
  <div class='ocr_page' id='page_1' title='image "./ccorneliitaciti25tacigoog_0288.png"; bbox 0 0 2254 3960; ppageno 0'>
   <div class='ocr_carea' id='block_1_1' title="bbox 68 347 985 432">
    <p class='ocr_par' dir='ltr' id='par_1_1' title="bbox 68 347 985 432">
     <span class='ocr_line' id='line_1_1' title="bbox 68 347 985 432; baseline 0 0"><span class='ocrx_word' id='word_1_1' title='bbox 68 373 205 432; x_wconf 69' lang='lat' dir='ltr'>acar.</span> <span class='ocrx_word' id='word_1_2' title='bbox 423 347 631 430; x_wconf 78' lang='lat' dir='ltr'>acnicona.</span> <span class='ocrx_word' id='word_1_3' title='bbox 930 373 985 432; x_wconf 75' lang='lat' dir='ltr'>ass</span> 
     </span>
    </p>
   </div>
   <div class='ocr_carea' id='block_1_2' title="bbox 69 516 990 978">
    <p class='ocr_par' dir='ltr' id='par_1_2' title="bbox 69 516 990 978">
     <span class='ocr_line' id='line_1_2' title="bbox 69 516 984 596; baseline 0.002 -16"><span class='ocrx_word' id='word_1_4' title='bbox 69 522 102 580; x_wconf 93' lang='lat' dir='ltr'>in</span> <span class='ocrx_word' id='word_1_5' title='bbox 116 520 303 580; x_wconf 75' lang='lat' dir='ltr'><strong>Occidentem</strong></span> <span class='ocrx_word' id='word_1_6' title='bbox 323 517 467 596; x_wconf 74' lang='lat' dir='ltr'>Hispania</span> <span class='ocrx_word' id='word_1_7' title='bbox 488 519 670 586; x_wconf 74' lang='lat' dir='ltr'>obtenditur:</span> <span class='ocrx_word' id='word_1_8' title='bbox 691 516 780 578; x_wconf 82' lang='lat' dir='ltr'>Gallis</span> <span class='ocrx_word' id='word_1_9' title='bbox 792 521 822 582; x_wconf 88' lang='lat' dir='ltr'>in</span> <span class='ocrx_word' id='word_1_10' title='bbox 833 517 984 582; x_wconf 81' lang='lat' dir='ltr'>Meridiem</span> 
     </span>
     <span class='ocr_line' id='line_1_3' title="bbox 71 597 990 674; baseline 0.001 -16"><span class='ocrx_word' id='word_1_11' title='bbox 71 600 162 658; x_wconf 81' lang='lat' dir='ltr'>etiam</span> <span class='ocrx_word' id='word_1_12' title='bbox 170 597 339 672; x_wconf 88' lang='lat' dir='ltr'>inspicitur:</span> <span class='ocrx_word' id='word_1_13' title='bbox 361 598 605 674; x_wconf 77' lang='lat' dir='ltr'>septemtrionalia</span> <span class='ocrx_word' id='word_1_14' title='bbox 612 597 684 673; x_wconf 89' lang='lat' dir='ltr'>ejus,</span> <span class='ocrx_word' id='word_1_15' title='bbox 694 599 776 655; x_wconf 89' lang='lat' dir='ltr'>nullis</span> <span class='ocrx_word' id='word_1_16' title='bbox 782 601 880 658; x_wconf 73' lang='lat' dir='ltr'>contra</span> <span class='ocrx_word' id='word_1_17' title='bbox 888 601 990 671; x_wconf 71' lang='lat' dir='ltr'>terris,</span> 
     </span>
     <span class='ocr_line' id='line_1_4' title="bbox 71 675 982 752; baseline 0.003 -18"><span class='ocrx_word' id='word_1_18' title='bbox 71 683 157 734; x_wconf 76' lang='lat' dir='ltr'>vasto</span> <span class='ocrx_word' id='word_1_19' title='bbox 170 681 254 750; x_wconf 87' lang='lat' dir='ltr'>atque</span> <span class='ocrx_word' id='word_1_20' title='bbox 269 682 373 752; x_wconf 62' lang='lat' dir='ltr'>vaperto</span> <span class='ocrx_word' id='word_1_21' title='bbox 396 675 466 732; x_wconf 89' lang='lat' dir='ltr'>mari</span> <span class='ocrx_word' id='word_1_22' title='bbox 506 675 640 732; x_wconf 82' lang='lat' dir='ltr'>ubantur.</span> <span class='ocrx_word' id='word_1_23' title='bbox 682 675 811 734; x_wconf 85' lang='lat' dir='ltr'>Formam</span> <span class='ocrx_word' id='word_1_24' title='bbox 822 679 906 736; x_wconf 89' lang='lat' dir='ltr'>totius</span> <span class='ocrx_word' id='word_1_25' title='bbox 919 677 982 736; x_wconf 88' lang='lat' dir='ltr'>Bri-</span> 
     </span>
     <span class='ocr_line' id='line_1_5' title="bbox 72 751 983 824; baseline 0.001 -12"><span class='ocrx_word' id='word_1_26' title='bbox 72 756 178 820; x_wconf 74' lang='lat' dir='ltr'>tannias</span> <span class='ocrx_word' id='word_1_27' title='bbox 199 753 296 812; x_wconf 84' lang='lat' dir='ltr'>Livius</span> <span class='ocrx_word' id='word_1_28' title='bbox 316 759 455 821; x_wconf 88' lang='lat' dir='ltr'>veterum,</span> <span class='ocrx_word' id='word_1_29' title='bbox 495 753 571 810; x_wconf 87' lang='lat' dir='ltr'>abins</span> <span class='ocrx_word' id='word_1_30' title='bbox 594 751 724 810; x_wconf 81' lang='lat' dir='ltr'>Rusticus</span> <span class='ocrx_word' id='word_1_31' title='bbox 745 755 910 824; x_wconf 87' lang='lat' dir='ltr'>recentium,</span> <span class='ocrx_word' id='word_1_32' title='bbox 924 757 983 813; x_wconf 86' lang='lat' dir='ltr'>elo·</span> 
     </span>
     <span class='ocr_line' id='line_1_6' title="bbox 72 830 984 906; baseline 0.003 -19"><span class='ocrx_word' id='word_1_33' title='bbox 72 830 251 906; x_wconf 85' lang='lat' dir='ltr'>quentissimi</span> <span class='ocrx_word' id='word_1_34' title='bbox 265 838 405 899; x_wconf 83' lang='lat' dir='ltr'><strong>auctores,</strong></span> <span class='ocrx_word' id='word_1_35' title='bbox 416 830 542 904; x_wconf 77' lang='lat' dir='ltr'>oblonga</span> <span class='ocrx_word' id='word_1_36' title='bbox 556 831 672 887; x_wconf 78' lang='lat' dir='ltr'>scutula</span> <span class='ocrx_word' id='word_1_37' title='bbox 684 831 730 888; x_wconf 82' lang='lat' dir='ltr'>vel</span> <span class='ocrx_word' id='word_1_38' title='bbox 740 831 854 906; x_wconf 85' lang='lat' dir='ltr'>bipenni</span> <span class='ocrx_word' id='word_1_39' title='bbox 865 833 984 890; x_wconf 87' lang='lat' dir='ltr'>adsimu-</span> 
     </span>
     <span class='ocr_line' id='line_1_7' title="bbox 72 905 984 978; baseline 0.002 -14"><span class='ocrx_word' id='word_1_40' title='bbox 72 907 193 978; x_wconf 71' lang='lat' dir='ltr'>lavere3</span> <span class='ocrx_word' id='word_1_41' title='bbox 215 916 244 966; x_wconf 90' lang='lat' dir='ltr'>et</span> <span class='ocrx_word' id='word_1_42' title='bbox 264 917 307 966; x_wconf 89' lang='lat' dir='ltr'>est</span> <span class='ocrx_word' id='word_1_43' title='bbox 319 927 354 966; x_wconf 87' lang='lat' dir='ltr'>ea</span> <span class='ocrx_word' id='word_1_44' title='bbox 365 907 452 967; x_wconf 81' lang='lat' dir='ltr'>facies</span> <span class='ocrx_word' id='word_1_45' title='bbox 465 908 535 964; x_wconf 90' lang='lat' dir='ltr'>citra</span> <span class='ocrx_word' id='word_1_46' title='bbox 548 905 740 976; x_wconf 71' lang='lat' dir='ltr'><strong>Caledoniam,</strong></span> <span class='ocrx_word' id='word_1_47' title='bbox 753 909 827 966; x_wconf 90' lang='lat' dir='ltr'>unde</span> <span class='ocrx_word' id='word_1_48' title='bbox 841 910 910 967; x_wconf 91' lang='lat' dir='ltr'>etin</span> <span class='ocrx_word' id='word_1_49' title='bbox 924 910 984 967; x_wconf 90' lang='lat' dir='ltr'>uni-</span> 
     </span>
    </p>
   </div>
   <div class='ocr_carea' id='block_1_3' title="bbox 72 978 1016 1076">
    <p class='ocr_par' dir='ltr' id='par_1_3' title="bbox 72 978 1016 1076">
     <span class='ocr_line' id='line_1_8' title="bbox 72 978 1016 1076; baseline 0.004 -34"><span class='ocrx_word' id='word_1_50' title='bbox 72 1001 192 1042; x_wconf 85' lang='lat' dir='ltr'>versum</span> <span class='ocrx_word' id='word_1_51' title='bbox 204 983 275 1043; x_wconf 84' lang='lat' dir='ltr'>sama</span> <span class='ocrx_word' id='word_1_52' title='bbox 296 993 339 1044; x_wconf 89' lang='lat' dir='ltr'>est</span> <span class='ocrx_word' id='word_1_53' title='bbox 357 995 548 1060; x_wconf 82' lang='lat' dir='ltr'>transgressa:</span> <span class='ocrx_word' id='word_1_54' title='bbox 571 985 621 1042; x_wconf 88' lang='lat' dir='ltr'>sed</span> <span class='ocrx_word' id='word_1_55' title='bbox 641 978 805 1042; x_wconf 83' lang='lat' dir='ltr'>immensum</span> <span class='ocrx_word' id='word_1_56' title='bbox 825 992 855 1044; x_wconf 90' lang='lat' dir='ltr'>et</span> <span class='ocrx_word' id='word_1_57' title='bbox 867 1005 985 1046; x_wconf 79' lang='lat' dir='ltr'>enorme</span> <span class='ocrx_word' id='word_1_58' title='bbox 1006 1033 1016 1076; x_wconf 49' lang='lat'>3</span> 
     </span>
    </p>
   </div>
   <div class='ocr_carea' id='block_1_4' title="bbox 73 1062 1019 1138">
    <p class='ocr_par' dir='ltr' id='par_1_4' title="bbox 73 1062 1019 1138">
     <span class='ocr_line' id='line_1_9' title="bbox 73 1062 1019 1138; baseline 0.002 -18"><span class='ocrx_word' id='word_1_59' title='bbox 73 1062 196 1138; x_wconf 86' lang='lat' dir='ltr'>spatium</span> <span class='ocrx_word' id='word_1_60' title='bbox 210 1065 437 1138; x_wconf 79' lang='lat' dir='ltr'>procurrentium</span> <span class='ocrx_word' id='word_1_61' title='bbox 451 1073 578 1120; x_wconf 88' lang='lat' dir='ltr'>extremo</span> <span class='ocrx_word' id='word_1_62' title='bbox 594 1063 655 1137; x_wconf 88' lang='lat' dir='ltr'>jam</span> <span class='ocrx_word' id='word_1_63' title='bbox 673 1062 756 1118; x_wconf 89' lang='lat' dir='ltr'>litore</span> <span class='ocrx_word' id='word_1_64' title='bbox 769 1068 920 1132; x_wconf 88' lang='lat' dir='ltr'>terrarum,</span> <span class='ocrx_word' id='word_1_65' title='bbox 934 1083 984 1122; x_wconf 84' lang='lat' dir='ltr'>ve·</span> <span class='ocrx_word' id='word_1_66' title='bbox 1011 1123 1019 1130; x_wconf 71' lang='grc'>,</span> 
     </span>
    </p>
   </div>
   <div class='ocr_carea' id='block_1_5' title="bbox 11 1137 1016 3156">
    <p class='ocr_par' dir='ltr' id='par_1_5' title="bbox 11 1137 1016 2223">
     <span class='ocr_line' id='line_1_10' title="bbox 72 1137 984 1204; baseline 0.004 -7"><span class='ocrx_word' id='word_1_67' title='bbox 72 1139 118 1204; x_wconf 87' lang='lat' dir='ltr'>lut</span> <span class='ocrx_word' id='word_1_68' title='bbox 131 1139 159 1196; x_wconf 91' lang='lat' dir='ltr'>in</span> <span class='ocrx_word' id='word_1_69' title='bbox 173 1159 292 1197; x_wconf 88' lang='lat' dir='ltr'>cuneum</span> <span class='ocrx_word' id='word_1_70' title='bbox 306 1149 436 1198; x_wconf 89' lang='lat' dir='ltr'>tenuatur</span> <span class='ocrx_word' id='word_1_71' title='bbox 487 1141 566 1197; x_wconf 91' lang='lat' dir='ltr'>Hanc</span> <span class='ocrx_word' id='word_1_72' title='bbox 578 1157 654 1196; x_wconf 87' lang='lat' dir='ltr'>oram</span> <span class='ocrx_word' id='word_1_73' title='bbox 667 1137 810 1196; x_wconf 85' lang='lat' dir='ltr'>novissimi</span> <span class='ocrx_word' id='word_1_74' title='bbox 823 1157 907 1198; x_wconf 86' lang='lat' dir='ltr'>maris</span> <span class='ocrx_word' id='word_1_75' title='bbox 917 1149 984 1202; x_wconf 89' lang='lat' dir='ltr'>tunc</span> 
     </span>
     <span class='ocr_line' id='line_1_11' title="bbox 72 1215 983 1294; baseline 0.003 -20"><span class='ocrx_word' id='word_1_76' title='bbox 72 1217 197 1294; x_wconf 80' lang='lat' dir='ltr'>primum</span> <span class='ocrx_word' id='word_1_77' title='bbox 209 1217 334 1274; x_wconf 86' lang='lat' dir='ltr'>Romana</span> <span class='ocrx_word' id='word_1_78' title='bbox 346 1219 443 1276; x_wconf 89' lang='lat' dir='ltr'>classis</span> <span class='ocrx_word' id='word_1_79' title='bbox 457 1217 657 1286; x_wconf 77' lang='lat' dir='ltr'><strong>circumvecta,</strong></span> <span class='ocrx_word' id='word_1_80' title='bbox 667 1215 785 1272; x_wconf 86' lang='lat' dir='ltr'>insulam</span> <span class='ocrx_word' id='word_1_81' title='bbox 795 1232 858 1274; x_wconf 84' lang='lat' dir='ltr'>esse</span> <span class='ocrx_word' id='word_1_82' title='bbox 872 1215 983 1277; x_wconf 79' lang='lat' dir='ltr'>Britan·</span> 
     </span>
     <span class='ocr_line' id='line_1_12' title="bbox 72 1293 1016 1369; baseline 0.002 -18"><span class='ocrx_word' id='word_1_83' title='bbox 72 1296 151 1352; x_wconf 86' lang='lat' dir='ltr'>niam</span> <span class='ocrx_word' id='word_1_84' title='bbox 164 1293 330 1363; x_wconf 88' lang='lat' dir='ltr'>adfirmavit,</span> <span class='ocrx_word' id='word_1_85' title='bbox 345 1315 376 1354; x_wconf 90' lang='lat' dir='ltr'>ac</span> <span class='ocrx_word' id='word_1_86' title='bbox 394 1297 479 1353; x_wconf 66' lang='lat' dir='ltr'>&#39;simul</span> <span class='ocrx_word' id='word_1_87' title='bbox 491 1295 642 1368; x_wconf 81' lang='lat' dir='ltr'>incognitas</span> <span class='ocrx_word' id='word_1_88' title='bbox 657 1295 691 1350; x_wconf 90' lang='lat' dir='ltr'>ad</span> <span class='ocrx_word' id='word_1_89' title='bbox 705 1293 732 1350; x_wconf 91' lang='lat' dir='ltr'>id</span> <span class='ocrx_word' id='word_1_90' title='bbox 745 1300 856 1368; x_wconf 89' lang='lat' dir='ltr'>tempus</span> <span class='ocrx_word' id='word_1_91' title='bbox 869 1294 983 1366; x_wconf 87' lang='lat' dir='ltr'>insulas,</span> <span class='ocrx_word' id='word_1_92' title='bbox 1015 1366 1016 1369; x_wconf 7' lang='grc' dir='ltr'><strong>Ἴ</strong></span> 
     </span>
     <span class='ocr_line' id='line_1_13' title="bbox 74 1369 985 1446; baseline 0.003 -18"><span class='ocrx_word' id='word_1_93' title='bbox 74 1389 155 1446; x_wconf 90' lang='lat' dir='ltr'>quas.</span> <span class='ocrx_word' id='word_1_94' title='bbox 161 1371 284 1430; x_wconf 88' lang='lat' dir='ltr'>Orcadas</span> <span class='ocrx_word' id='word_1_95' title='bbox 298 1380 410 1438; x_wconf 79' lang='lat' dir='ltr'>vocant,</span> <span class='ocrx_word' id='word_1_96' title='bbox 424 1373 541 1440; x_wconf 87' lang='lat' dir='ltr'>invenit,</span> <span class='ocrx_word' id='word_1_97' title='bbox 555 1371 715 1446; x_wconf 87' lang='lat' dir='ltr'>domuitque</span> <span class='ocrx_word' id='word_1_98' title='bbox 727 1392 734 1442; x_wconf 88' lang='lat'>;</span> <span class='ocrx_word' id='word_1_99' title='bbox 755 1369 881 1446; x_wconf 88' lang='lat' dir='ltr'>dispecta</span> <span class='ocrx_word' id='word_1_100' title='bbox 898 1379 942 1430; x_wconf 89' lang='lat' dir='ltr'>est</span> <span class='ocrx_word' id='word_1_101' title='bbox 954 1381 985 1434; x_wconf 83' lang='lat' dir='ltr'>ot</span> 
     </span>
     <span class='ocr_line' id='line_1_14' title="bbox 74 1447 985 1525; baseline 0.005 -20"><span class='ocrx_word' id='word_1_102' title='bbox 74 1450 185 1519; x_wconf 84' lang='lat' dir='ltr'>Thule,</span> <span class='ocrx_word' id='word_1_103' title='bbox 200 1469 280 1525; x_wconf 86' lang='lat' dir='ltr'>quarn</span> <span class='ocrx_word' id='word_1_104' title='bbox 295 1451 428 1508; x_wconf 88' lang='lat' dir='ltr'>hactenus</span> <span class='ocrx_word' id='word_1_105' title='bbox 448 1453 505 1517; x_wconf 84' lang='lat' dir='ltr'>nix,</span> <span class='ocrx_word' id='word_1_106' title='bbox 520 1458 549 1506; x_wconf 94' lang='lat' dir='ltr'>et</span> <span class='ocrx_word' id='word_1_107' title='bbox 561 1450 669 1506; x_wconf 79' lang='lat' dir='ltr'>hiemes</span> <span class='ocrx_word' id='word_1_108' title='bbox 684 1447 802 1506; x_wconf 79' lang='lat' dir='ltr'>abdebat</span> <span class='ocrx_word' id='word_1_109' title='bbox 814 1470 825 1506; x_wconf 84' lang='lat'>:-</span> <span class='ocrx_word' id='word_1_110' title='bbox 843 1451 892 1506; x_wconf 86' lang='lat' dir='ltr'>sed</span> <span class='ocrx_word' id='word_1_111' title='bbox 906 1467 985 1510; x_wconf 86' lang='lat' dir='ltr'>mare</span> 
     </span>
     <span class='ocr_line' id='line_1_15' title="bbox 74 1526 981 1603; baseline 0.004 -19"><span class='ocrx_word' id='word_1_112' title='bbox 74 1526 185 1602; x_wconf 84' lang='lat' dir='ltr'>pigrum</span> <span class='ocrx_word' id='word_1_113' title='bbox 200 1535 229 1585; x_wconf 91' lang='lat' dir='ltr'>et</span> <span class='ocrx_word' id='word_1_114' title='bbox 247 1545 334 1602; x_wconf 75' lang='lat' dir='ltr'>grave</span> <span class='ocrx_word' id='word_1_115' title='bbox 354 1529 552 1603; x_wconf 75' lang='lat' dir='ltr'>remigantibus</span> <span class='ocrx_word' id='word_1_116' title='bbox 565 1528 737 1602; x_wconf 87' lang='lat' dir='ltr'>perhibent:</span> <span class='ocrx_word' id='word_1_117' title='bbox 760 1545 796 1584; x_wconf 90' lang='lat' dir='ltr'>ne</span> <span class='ocrx_word' id='word_1_118' title='bbox 816 1528 907 1585; x_wconf 87' lang='lat' dir='ltr'>ventis</span> <span class='ocrx_word' id='word_1_119' title='bbox 921 1530 981 1602; x_wconf 87' lang='lat' dir='ltr'>qui·</span> 
     </span>
     <span class='ocr_line' id='line_1_16' title="bbox 73 1605 983 1682; baseline 0.001 -20"><span class='ocrx_word' id='word_1_120' title='bbox 73 1605 140 1662; x_wconf 90' lang='lat' dir='ltr'>dem</span> <span class='ocrx_word' id='word_1_121' title='bbox 152 1605 269 1680; x_wconf 71' lang='lat' dir='ltr'>perinde</span> <span class='ocrx_word' id='word_1_122' title='bbox 291 1607 396 1663; x_wconf 88' lang='lat' dir='ltr'>attolli:</span> <span class='ocrx_word' id='word_1_123' title='bbox 419 1609 516 1674; x_wconf 88' lang='lat' dir='ltr'>credo,</span> <span class='ocrx_word' id='word_1_124' title='bbox 530 1606 606 1682; x_wconf 76' lang='lat' dir='ltr'>quod</span> <span class='ocrx_word' id='word_1_125' title='bbox 627 1605 748 1664; x_wconf 86' lang='lat' dir='ltr'>rariores</span> <span class='ocrx_word' id='word_1_126' title='bbox 761 1614 847 1662; x_wconf 79' lang='lat' dir='ltr'>terrae</span> <span class='ocrx_word' id='word_1_127' title='bbox 860 1614 983 1666; x_wconf 88' lang='lat' dir='ltr'>montes·</span> 
     </span>
     <span class='ocr_line' id='line_1_17' title="bbox 75 1681 983 1759; baseline 0.007 -21"><span class='ocrx_word' id='word_1_128' title='bbox 75 1701 142 1758; x_wconf 80' lang='lat' dir='ltr'>que,</span> <span class='ocrx_word' id='word_1_129' title='bbox 156 1701 240 1740; x_wconf 87' lang='lat' dir='ltr'>causa</span> <span class='ocrx_word' id='word_1_130' title='bbox 263 1701 294 1740; x_wconf 89' lang='lat' dir='ltr'>ac</span> <span class='ocrx_word' id='word_1_131' title='bbox 317 1685 433 1740; x_wconf 87' lang='lat' dir='ltr'>materia</span> <span class='ocrx_word' id='word_1_132' title='bbox 455 1691 670 1758; x_wconf 67' lang='lat' dir='ltr'>tempestatum</span> <span class='ocrx_word' id='word_1_133' title='bbox 692 1691 721 1742; x_wconf 90' lang='lat' dir='ltr'>et</span> <span class='ocrx_word' id='word_1_134' title='bbox 742 1681 881 1759; x_wconf 86' lang='lat' dir='ltr'>profunda</span> <span class='ocrx_word' id='word_1_135' title='bbox 893 1685 983 1744; x_wconf 79' lang='lat' dir='ltr'>moles</span> 
     </span>
     <span class='ocr_line' id='line_1_18' title="bbox 11 1759 982 1838; baseline 0.007 -22"><span class='ocrx_word' id='word_1_136' title='bbox 11 1797 13 1802; x_wconf 69' lang='lat'>,</span> <span class='ocrx_word' id='word_1_137' title='bbox 73 1760 197 1817; x_wconf 86' lang='lat' dir='ltr'>continui</span> <span class='ocrx_word' id='word_1_138' title='bbox 211 1760 294 1816; x_wconf 87' lang='lat' dir='ltr'>maris</span> <span class='ocrx_word' id='word_1_139' title='bbox 308 1761 410 1818; x_wconf 73' lang='lat' dir='ltr'>tardius</span> <span class='ocrx_word' id='word_1_140' title='bbox 424 1763 587 1838; x_wconf 77' lang='lat' dir='ltr'>impellitur.</span> <span class='ocrx_word' id='word_1_141' title='bbox 630 1759 764 1818; x_wconf 79' lang='lat' dir='ltr'>Naturam</span> <span class='ocrx_word' id='word_1_142' title='bbox 778 1761 884 1820; x_wconf 77' lang='lat' dir='ltr'>Oceani</span> <span class='ocrx_word' id='word_1_143' title='bbox 898 1769 982 1838; x_wconf 79' lang='lat' dir='ltr'>atque</span> 
     </span>
     <span class='ocr_line' id='line_1_19' title="bbox 73 1837 981 1915; baseline 0.002 -19"><span class='ocrx_word' id='word_1_144' title='bbox 73 1837 156 1896; x_wconf 73' lang='lat' dir='ltr'>eastris</span> <span class='ocrx_word' id='word_1_145' title='bbox 170 1856 263 1912; x_wconf 89' lang='lat' dir='ltr'>neque</span> <span class='ocrx_word' id='word_1_146' title='bbox 277 1857 408 1913; x_wconf 84' lang='lat' dir='ltr'>quaerere</span> <span class='ocrx_word' id='word_1_147' title='bbox 423 1841 505 1915; x_wconf 91' lang='lat' dir='ltr'>hujus</span> <span class='ocrx_word' id='word_1_148' title='bbox 519 1837 614 1914; x_wconf 83' lang='lat' dir='ltr'>operis</span> <span class='ocrx_word' id='word_1_149' title='bbox 628 1846 681 1905; x_wconf 89' lang='lat' dir='ltr'>est,</span> <span class='ocrx_word' id='word_1_150' title='bbox 696 1857 728 1894; x_wconf 92' lang='lat' dir='ltr'>ac</span> <span class='ocrx_word' id='word_1_151' title='bbox 742 1838 821 1895; x_wconf 90' lang='lat' dir='ltr'>multi</span> <span class='ocrx_word' id='word_1_152' title='bbox 834 1839 958 1897; x_wconf 69' lang='lat' dir='ltr'>retulere</span> <span class='ocrx_word' id='word_1_153' title='bbox 972 1861 981 1898; x_wconf 72' lang='grc' dir='ltr'>ι</span> 
     </span>
     <span class='ocr_line' id='line_1_20' title="bbox 72 1915 988 1994; baseline 0.002 -22"><span class='ocrx_word' id='word_1_154' title='bbox 72 1935 159 1972; x_wconf 88' lang='lat' dir='ltr'>unum</span> <span class='ocrx_word' id='word_1_155' title='bbox 179 1915 343 1984; x_wconf 81' lang='lat' dir='ltr'>addiderim,</span> <span class='ocrx_word' id='word_1_156' title='bbox 357 1935 491 1994; x_wconf 82' lang='lat' dir='ltr'>nusquam</span> <span class='ocrx_word' id='word_1_157' title='bbox 506 1917 586 1974; x_wconf 71' lang='lat' dir='ltr'>latius</span> <span class='ocrx_word' id='word_1_158' title='bbox 606 1915 741 1972; x_wconf 89' lang='lat' dir='ltr'>dominari</span> <span class='ocrx_word' id='word_1_159' title='bbox 763 1931 851 1983; x_wconf 85' lang='lat' dir='ltr'>mare,</span> <span class='ocrx_word' id='word_1_160' title='bbox 865 1917 988 1974; x_wconf 78' lang='lat' dir='ltr'>multum</span> 
     </span>
     <span class='ocr_line' id='line_1_21' title="bbox 73 1992 980 2068; baseline 0.001 -18"><span class='ocrx_word' id='word_1_161' title='bbox 73 1992 220 2050; x_wconf 79' lang='lat' dir='ltr'>tintinnum</span> <span class='ocrx_word' id='word_1_162' title='bbox 234 1994 289 2050; x_wconf 88' lang='lat' dir='ltr'>buc</span> <span class='ocrx_word' id='word_1_163' title='bbox 305 2001 388 2068; x_wconf 84' lang='lat' dir='ltr'>atque</span> <span class='ocrx_word' id='word_1_164' title='bbox 406 1995 473 2052; x_wconf 91' lang='lat' dir='ltr'>illuc</span> <span class='ocrx_word' id='word_1_165' title='bbox 494 1993 582 2061; x_wconf 86' lang='lat' dir='ltr'>ferre,</span> <span class='ocrx_word' id='word_1_166' title='bbox 597 2010 649 2049; x_wconf 91' lang='lat' dir='ltr'>nec</span> <span class='ocrx_word' id='word_1_167' title='bbox 665 1993 748 2048; x_wconf 87' lang='lat' dir='ltr'>litore</span> <span class='ocrx_word' id='word_1_168' title='bbox 767 2000 847 2048; x_wconf 88' lang='lat' dir='ltr'>tenus</span> <span class='ocrx_word' id='word_1_169' title='bbox 870 2009 980 2051; x_wconf 86' lang='lat' dir='ltr'>accres-</span> 
     </span>
     <span class='ocr_line' id='line_1_22' title="bbox 70 2065 996 2144; baseline -0.002 -16"><span class='ocrx_word' id='word_1_170' title='bbox 70 2089 142 2128; x_wconf 83' lang='lat' dir='ltr'>cere</span> <span class='ocrx_word' id='word_1_171' title='bbox 156 2077 203 2128; x_wconf 89' lang='lat' dir='ltr'>aut</span> <span class='ocrx_word' id='word_1_172' title='bbox 215 2072 370 2139; x_wconf 86' lang='lat' dir='ltr'>resorberi,</span> <span class='ocrx_word' id='word_1_173' title='bbox 384 2073 434 2128; x_wconf 91' lang='lat' dir='ltr'>sed</span> <span class='ocrx_word' id='word_1_174' title='bbox 457 2065 577 2128; x_wconf 88' lang='lat' dir='ltr'>influere</span> <span class='ocrx_word' id='word_1_175' title='bbox 597 2070 708 2144; x_wconf 79' lang='lat' dir='ltr'>penitus</span> <span class='ocrx_word' id='word_1_176' title='bbox 722 2078 806 2144; x_wconf 88' lang='lat' dir='ltr'>atque</span> <span class='ocrx_word' id='word_1_177' title='bbox 818 2069 938 2140; x_wconf 89' lang='lat' dir='ltr'>ambire,</span> <span class='ocrx_word' id='word_1_178' title='bbox 952 2078 996 2128; x_wconf 84' lang='lat' dir='ltr'>et.</span> 
     </span>
     <span class='ocr_line' id='line_1_23' title="bbox 64 2147 911 2223; baseline -0.002 -19"><span class='ocrx_word' id='word_1_179' title='bbox 64 2149 143 2223; x_wconf 84' lang='lat' dir='ltr'>jugis</span> <span class='ocrx_word' id='word_1_180' title='bbox 158 2148 241 2204; x_wconf 82' lang='lat' dir='ltr'>etiam</span> <span class='ocrx_word' id='word_1_181' title='bbox 255 2166 286 2204; x_wconf 91' lang='lat' dir='ltr'>ac</span> <span class='ocrx_word' id='word_1_182' title='bbox 300 2150 439 2206; x_wconf 89' lang='lat' dir='ltr'>montibus</span> <span class='ocrx_word' id='word_1_183' title='bbox 452 2151 538 2206; x_wconf 86' lang='lat' dir='ltr'>inseri</span> <span class='ocrx_word' id='word_1_184' title='bbox 553 2149 631 2206; x_wconf 90' lang='lat' dir='ltr'>velut</span> <span class='ocrx_word' id='word_1_185' title='bbox 643 2147 670 2203; x_wconf 91' lang='lat' dir='ltr'>in</span> <span class='ocrx_word' id='word_1_186' title='bbox 682 2165 742 2204; x_wconf 85' lang='lat' dir='ltr'>sno.</span> <span class='ocrx_word' id='word_1_187' title='bbox 910 2159 911 2162; x_wconf 74' lang='grc'>’</span> 
     </span>
    </p>

    <p class='ocr_par' dir='ltr' id='par_1_6' title="bbox 61 2222 980 3156">
     <span class='ocr_line' id='line_1_24' title="bbox 61 2222 980 2304; baseline 0.007 -25"><span class='ocrx_word' id='word_1_188' title='bbox 61 2222 63 2225; x_wconf 77' lang='grc'><strong>’</strong></span> <span class='ocrx_word' id='word_1_189' title='bbox 111 2223 163 2281; x_wconf 86' lang='lat' dir='ltr'>XI.</span> <span class='ocrx_word' id='word_1_190' title='bbox 185 2225 331 2289; x_wconf 84' lang='lat' dir='ltr'>Ceterdm,</span> <span class='ocrx_word' id='word_1_191' title='bbox 346 2227 515 2284; x_wconf 82' lang='lat' dir='ltr'>Britanniam</span> <span class='ocrx_word' id='word_1_192' title='bbox 530 2227 576 2302; x_wconf 88' lang='lat' dir='ltr'>qui</span> <span class='ocrx_word' id='word_1_193' title='bbox 590 2225 722 2282; x_wconf 85' lang='lat' dir='ltr'>mortales</span> <span class='ocrx_word' id='word_1_194' title='bbox 739 2223 818 2281; x_wconf 91' lang='lat' dir='ltr'>initio</span> <span class='ocrx_word' id='word_1_195' title='bbox 831 2225 980 2304; x_wconf 83' lang='lat' dir='ltr'>coluerint,</span> 
     </span>
     <span class='ocr_line' id='line_1_25' title="bbox 69 2302 980 2382; baseline -0.002 -22"><span class='ocrx_word' id='word_1_196' title='bbox 69 2302 209 2377; x_wconf 80' lang='lat' dir='ltr'>indigenae</span> <span class='ocrx_word' id='word_1_197' title='bbox 231 2323 265 2359; x_wconf 89' lang='lat' dir='ltr'>an</span> <span class='ocrx_word' id='word_1_198' title='bbox 286 2303 406 2371; x_wconf 83' lang='lat' dir='ltr'>advecti,</span> <span class='ocrx_word' id='word_1_199' title='bbox 427 2311 458 2361; x_wconf 92' lang='lat' dir='ltr'>ut</span> <span class='ocrx_word' id='word_1_200' title='bbox 480 2306 554 2362; x_wconf 91' lang='lat' dir='ltr'>inter</span> <span class='ocrx_word' id='word_1_201' title='bbox 573 2305 717 2373; x_wconf 86' lang='lat' dir='ltr'>barbaros,</span> <span class='ocrx_word' id='word_1_202' title='bbox 731 2303 829 2379; x_wconf 77' lang='lat' dir='ltr'>panim</span> <span class='ocrx_word' id='word_1_203' title='bbox 851 2321 980 2382; x_wconf 89' lang='lat' dir='ltr'>comper.</span> 
     </span>
     <span class='ocr_line' id='line_1_26' title="bbox 70 2381 979 2458; baseline 0.006 -22"><span class='ocrx_word' id='word_1_204' title='bbox 70 2387 140 2437; x_wconf 87' lang='lat' dir='ltr'>tum.</span> <span class='ocrx_word' id='word_1_205' title='bbox 182 2381 299 2454; x_wconf 85' lang='lat' dir='ltr'>Habitus</span> <span class='ocrx_word' id='word_1_206' title='bbox 323 2400 475 2458; x_wconf 86' lang='lat' dir='ltr'>corporum</span> <span class='ocrx_word' id='word_1_207' title='bbox 496 2383 587 2440; x_wconf 86' lang='lat' dir='ltr'>varii:</span> <span class='ocrx_word' id='word_1_208' title='bbox 610 2390 693 2457; x_wconf 90' lang='lat' dir='ltr'>atque</span> <span class='ocrx_word' id='word_1_209' title='bbox 709 2401 795 2439; x_wconf 81' lang='lat' dir='ltr'>exeo</span> <span class='ocrx_word' id='word_1_210' title='bbox 809 2390 979 2457; x_wconf 83' lang='lat' dir='ltr'>argumenta.</span> 
     </span>
     <span class='ocr_line' id='line_1_27' title="bbox 69 2455 979 2533; baseline 0.001 -18"><span class='ocrx_word' id='word_1_211' title='bbox 69 2455 202 2532; x_wconf 87' lang='lat' dir='ltr'>Namque</span> <span class='ocrx_word' id='word_1_212' title='bbox 216 2459 307 2516; x_wconf 81' lang='lat' dir='ltr'>mitilae</span> <span class='ocrx_word' id='word_1_213' title='bbox 323 2459 503 2518; x_wconf 89' lang='lat' dir='ltr'>Caledoniam</span> <span class='ocrx_word' id='word_1_214' title='bbox 518 2461 699 2520; x_wconf 89' lang='lat' dir='ltr'>habitantium</span> <span class='ocrx_word' id='word_1_215' title='bbox 712 2478 811 2527; x_wconf 82' lang='lat' dir='ltr'>comae,</span> <span class='ocrx_word' id='word_1_216' title='bbox 826 2461 916 2533; x_wconf 76' lang='lat' dir='ltr'>magni</span> <span class='ocrx_word' id='word_1_217' title='bbox 937 2479 979 2517; x_wconf 88' lang='lat' dir='ltr'>ar·</span> 
     </span>
     <span class='ocr_line' id='line_1_28' title="bbox 69 2535 980 2612; baseline 0.003 -20"><span class='ocrx_word' id='word_1_218' title='bbox 69 2543 126 2603; x_wconf 85' lang='lat' dir='ltr'>tus,</span> <span class='ocrx_word' id='word_1_219' title='bbox 140 2535 341 2594; x_wconf 86' lang='lat' dir='ltr'>Germanicum</span> <span class='ocrx_word' id='word_1_220' title='bbox 355 2539 490 2612; x_wconf 86' lang='lat' dir='ltr'>originem</span> <span class='ocrx_word' id='word_1_221' title='bbox 509 2539 685 2594; x_wconf 82' lang='lat' dir='ltr'>adseverant</span> <span class='ocrx_word' id='word_1_222' title='bbox 725 2537 849 2608; x_wconf 67' lang='lat' dir='ltr'>§ilumrm</span> <span class='ocrx_word' id='word_1_223' title='bbox 862 2537 980 2596; x_wconf 78' lang='lat' dir='ltr'>colorati</span> 
     </span>
     <span class='ocr_line' id='line_1_29' title="bbox 69 2612 978 2690; baseline 0 -20"><span class='ocrx_word' id='word_1_224' title='bbox 69 2613 175 2680; x_wconf 82' lang='lat' dir='ltr'>vultus,</span> <span class='ocrx_word' id='word_1_225' title='bbox 190 2620 219 2670; x_wconf 91' lang='lat' dir='ltr'>et</span> <span class='ocrx_word' id='word_1_226' title='bbox 236 2615 301 2672; x_wconf 88' lang='lat' dir='ltr'>torti</span> <span class='ocrx_word' id='word_1_227' title='bbox 322 2615 489 2690; x_wconf 87' lang='lat' dir='ltr'>plerumque</span> <span class='ocrx_word' id='word_1_228' title='bbox 503 2617 607 2682; x_wconf 88' lang='lat' dir='ltr'>crines,</span> <span class='ocrx_word' id='word_1_229' title='bbox 621 2622 651 2670; x_wconf 91' lang='lat' dir='ltr'>et</span> <span class='ocrx_word' id='word_1_230' title='bbox 663 2614 752 2688; x_wconf 88' lang='lat' dir='ltr'>posita</span> <span class='ocrx_word' id='word_1_231' title='bbox 765 2614 863 2670; x_wconf 73' lang='lat' dir='ltr'>contra</span> <span class='ocrx_word' id='word_1_232' title='bbox 877 2612 978 2688; x_wconf 87' lang='lat' dir='ltr'>Hispa·</span> 
     </span>
     <span class='ocr_line' id='line_1_30' title="bbox 67 2689 978 2770; baseline -0.002 -21"><span class='ocrx_word' id='word_1_233' title='bbox 67 2692 125 2758; x_wconf 88' lang='lat' dir='ltr'>nia,</span> <span class='ocrx_word' id='word_1_234' title='bbox 140 2689 239 2748; x_wconf 90' lang='lat' dir='ltr'>Iberos</span> <span class='ocrx_word' id='word_1_235' title='bbox 250 2699 363 2750; x_wconf 89' lang='lat' dir='ltr'>veteres</span> <span class='ocrx_word' id='word_1_236' title='bbox 382 2693 525 2770; x_wconf 86' lang='lat' dir='ltr'>trajecisse</span> <span class='ocrx_word' id='word_1_237' title='bbox 545 2709 651 2766; x_wconf 90' lang='lat' dir='ltr'>easque</span> <span class='ocrx_word' id='word_1_238' title='bbox 674 2690 755 2746; x_wconf 87' lang='lat' dir='ltr'>sedes</span> <span class='ocrx_word' id='word_1_239' title='bbox 769 2691 933 2764; x_wconf 76' lang='lat' dir='ltr'>occuptsse,</span> <span class='ocrx_word' id='word_1_240' title='bbox 947 2689 978 2747; x_wconf 90' lang='lat' dir='ltr'>li·</span> 
     </span>
     <span class='ocr_line' id='line_1_31' title="bbox 68 2767 979 2838; baseline 0.001 -14"><span class='ocrx_word' id='word_1_241' title='bbox 68 2769 136 2826; x_wconf 91' lang='lat' dir='ltr'>dem</span> <span class='ocrx_word' id='word_1_242' title='bbox 149 2767 262 2827; x_wconf 84' lang='lat' dir='ltr'>faciunt.</span> <span class='ocrx_word' id='word_1_243' title='bbox 304 2771 429 2830; x_wconf 84' lang='lat' dir='ltr'>Proximi</span> <span class='ocrx_word' id='word_1_244' title='bbox 440 2771 540 2838; x_wconf 87' lang='lat' dir='ltr'>Gallis,</span> <span class='ocrx_word' id='word_1_245' title='bbox 554 2775 583 2825; x_wconf 91' lang='lat' dir='ltr'>et</span> <span class='ocrx_word' id='word_1_246' title='bbox 596 2769 700 2825; x_wconf 87' lang='lat' dir='ltr'>similes</span> <span class='ocrx_word' id='word_1_247' title='bbox 710 2774 793 2823; x_wconf 88' lang='lat' dir='ltr'>sunt:</span> <span class='ocrx_word' id='word_1_248' title='bbox 816 2785 867 2824; x_wconf 84' lang='lat' dir='ltr'>seu</span> <span class='ocrx_word' id='word_1_249' title='bbox 877 2767 979 2825; x_wconf 86' lang='lat' dir='ltr'>duran·</span> 
     </span>
     <span class='ocr_line' id='line_1_32' title="bbox 68 2845 979 2924; baseline 0.001 -20"><span class='ocrx_word' id='word_1_250' title='bbox 68 2853 98 2904; x_wconf 88' lang='lat' dir='ltr'>te</span> <span class='ocrx_word' id='word_1_251' title='bbox 112 2845 228 2920; x_wconf 84' lang='lat' dir='ltr'>originis</span> <span class='ocrx_word' id='word_1_252' title='bbox 243 2849 290 2919; x_wconf 89' lang='lat' dir='ltr'>vi;</span> <span class='ocrx_word' id='word_1_253' title='bbox 312 2867 373 2917; x_wconf 90' lang='lat' dir='ltr'>seu,</span> <span class='ocrx_word' id='word_1_254' title='bbox 388 2847 619 2924; x_wconf 76' lang='lat' dir='ltr'>procurrentibus</span> <span class='ocrx_word' id='word_1_255' title='bbox 632 2847 661 2902; x_wconf 93' lang='lat' dir='ltr'>in</span> <span class='ocrx_word' id='word_1_256' title='bbox 674 2846 787 2902; x_wconf 88' lang='lat' dir='ltr'>diversa</span> <span class='ocrx_word' id='word_1_257' title='bbox 799 2845 893 2913; x_wconf 84' lang='lat' dir='ltr'>terris,</span> <span class='ocrx_word' id='word_1_258' title='bbox 903 2849 979 2920; x_wconf 89' lang='lat' dir='ltr'>posi·</span> 
     </span>
     <span class='ocr_line' id='line_1_33' title="bbox 67 2922 979 3000; baseline 0.002 -18"><span class='ocrx_word' id='word_1_259' title='bbox 67 2925 108 2982; x_wconf 89' lang='lat' dir='ltr'>tio</span> <span class='ocrx_word' id='word_1_260' title='bbox 122 2925 188 2981; x_wconf 86' lang='lat' dir='ltr'>coeli</span> <span class='ocrx_word' id='word_1_261' title='bbox 202 2927 370 3000; x_wconf 88' lang='lat' dir='ltr'>corporibus</span> <span class='ocrx_word' id='word_1_262' title='bbox 392 2928 515 2983; x_wconf 90' lang='lat' dir='ltr'>habitum</span> <span class='ocrx_word' id='word_1_263' title='bbox 537 2924 633 2982; x_wconf 87' lang='lat' dir='ltr'>dedit:</span> <span class='ocrx_word' id='word_1_264' title='bbox 659 2924 688 2980; x_wconf 90' lang='lat' dir='ltr'>in</span> <span class='ocrx_word' id='word_1_265' title='bbox 708 2922 871 2980; x_wconf 88' lang='lat' dir='ltr'>universum</span> <span class='ocrx_word' id='word_1_266' title='bbox 884 2930 979 2984; x_wconf 85' lang='lat' dir='ltr'>tamen</span> 
     </span>
     <span class='ocr_line' id='line_1_34' title="bbox 68 2999 974 3077; baseline 0.001 -19"><span class='ocrx_word' id='word_1_267' title='bbox 68 3001 227 3070; x_wconf 79' lang='lat' dir='ltr'>aestimanti,</span> <span class='ocrx_word' id='word_1_268' title='bbox 241 3003 338 3060; x_wconf 90' lang='lat' dir='ltr'>Gallos</span> <span class='ocrx_word' id='word_1_269' title='bbox 353 3005 475 3062; x_wconf 89' lang='lat' dir='ltr'>vicinum</span> <span class='ocrx_word' id='word_1_270' title='bbox 491 3005 582 3060; x_wconf 91' lang='lat' dir='ltr'>solum</span> <span class='ocrx_word' id='word_1_271' title='bbox 596 3003 760 3077; x_wconf 71' lang='lat' dir='ltr'>occupasse,</span> <span class='ocrx_word' id='word_1_272' title='bbox 774 2999 911 3058; x_wconf 88' lang='lat' dir='ltr'>credibile</span> <span class='ocrx_word' id='word_1_273' title='bbox 925 3007 974 3059; x_wconf 87' lang='lat' dir='ltr'>est.</span> 
     </span>
     <span class='ocr_line' id='line_1_35' title="bbox 66 3077 977 3156; baseline -0.001 -21"><span class='ocrx_word' id='word_1_274' title='bbox 66 3077 177 3136; x_wconf 84' lang='lat' dir='ltr'>Eorum</span> <span class='ocrx_word' id='word_1_275' title='bbox 198 3097 278 3138; x_wconf 86' lang='lat' dir='ltr'>sacra</span> <span class='ocrx_word' id='word_1_276' title='bbox 298 3080 506 3156; x_wconf 83' lang='lat' dir='ltr'>deprehendas,</span> <span class='ocrx_word' id='word_1_277' title='bbox 527 3080 755 3155; x_wconf 89' lang='lat' dir='ltr'>superstitionum</span> <span class='ocrx_word' id='word_1_278' title='bbox 773 3078 977 3154; x_wconf 89' lang='lat' dir='ltr'>persuasione:</span> 
     </span>
    </p>
   </div>
   <div class='ocr_carea' id='block_1_6' title="bbox 1118 2453 1122 2549">
    <p class='ocr_par' dir='ltr' id='par_1_7' title="bbox 1118 2453 1122 2549">
     <span class='ocr_line' id='line_1_36' title="bbox 1118 2453 1122 2549; baseline 0 -11"><span class='ocrx_word' id='word_1_279' title='bbox 1118 2453 1122 2549; x_wconf 69' lang='lat' dir='ltr'>l</span> 
     </span>
    </p>
   </div>
   <div class='ocr_carea' id='block_1_7' title="bbox 66 3143 1122 3234">
    <p class='ocr_par' dir='ltr' id='par_1_8' title="bbox 66 3143 1122 3234">
     <span class='ocr_line' id='line_1_37' title="bbox 66 3143 1122 3234; baseline 0.002 -20"><span class='ocrx_word' id='word_1_280' title='bbox 66 3174 163 3214; x_wconf 89' lang='lat' dir='ltr'>sermo</span> <span class='ocrx_word' id='word_1_281' title='bbox 186 3156 399 3225; x_wconf 51' lang='lat' dir='ltr'>haudsmultinn</span> <span class='ocrx_word' id='word_1_282' title='bbox 417 3160 565 3216; x_wconf 79' lang='lat' dir='ltr'>diversus:</span> <span class='ocrx_word' id='word_1_283' title='bbox 588 3158 616 3214; x_wconf 95' lang='lat' dir='ltr'>in</span> <span class='ocrx_word' id='word_1_284' title='bbox 636 3155 821 3234; x_wconf 84' lang='lat' dir='ltr'>deposcendis</span> <span class='ocrx_word' id='word_1_285' title='bbox 844 3157 978 3230; x_wconf 86' lang='lat' dir='ltr'>periculis</span> <span class='ocrx_word' id='word_1_286' title='bbox 1038 3163 1041 3170; x_wconf 84' lang='grc'><strong>’</strong></span> <span class='ocrx_word' id='word_1_287' title='bbox 1116 3143 1122 3161; x_wconf 32' lang='lat'>&#39;¹</span> 
     </span>
    </p>
   </div>
   <div class='ocr_carea' id='block_1_8' title="bbox 62 3231 981 3756">
    <p class='ocr_par' dir='ltr' id='par_1_9' title="bbox 62 3231 981 3756">
     <span class='ocr_line' id='line_1_38' title="bbox 66 3231 981 3305; baseline 0.001 -13"><span class='ocrx_word' id='word_1_288' title='bbox 66 3234 170 3292; x_wconf 83' lang='lat' dir='ltr'>eadem</span> <span class='ocrx_word' id='word_1_289' title='bbox 190 3233 323 3305; x_wconf 72' lang='lat' dir='ltr'>audacia:</span> <span class='ocrx_word' id='word_1_290' title='bbox 349 3244 390 3304; x_wconf 88' lang='lat' dir='ltr'>et,</span> <span class='ocrx_word' id='word_1_291' title='bbox 403 3237 450 3292; x_wconf 91' lang='lat' dir='ltr'>ubi</span> <span class='ocrx_word' id='word_1_292' title='bbox 471 3235 623 3302; x_wconf 70' lang='lat' dir='ltr'>advenere,</span> <span class='ocrx_word' id='word_1_293' title='bbox 638 3236 666 3291; x_wconf 95' lang='lat' dir='ltr'>in</span> <span class='ocrx_word' id='word_1_294' title='bbox 679 3231 866 3291; x_wconf 78' lang='lat' dir='ltr'>detrectandis</span> <span class='ocrx_word' id='word_1_295' title='bbox 881 3233 981 3293; x_wconf 79' lang='lat' dir='ltr'>eaden</span> 
     </span>
     <span class='ocr_line' id='line_1_39' title="bbox 65 3309 980 3388; baseline 0.003 -20"><span class='ocrx_word' id='word_1_296' title='bbox 65 3309 207 3368; x_wconf 75' lang='lat' dir='ltr'>formido:</span> <span class='ocrx_word' id='word_1_297' title='bbox 234 3313 297 3386; x_wconf 88' lang='lat' dir='ltr'>plus</span> <span class='ocrx_word' id='word_1_298' title='bbox 311 3321 404 3371; x_wconf 88' lang='lat' dir='ltr'>tamen</span> <span class='ocrx_word' id='word_1_299' title='bbox 417 3311 532 3370; x_wconf 70' lang='lat' dir='ltr'>ferocia</span> <span class='ocrx_word' id='word_1_300' title='bbox 546 3313 671 3368; x_wconf 87' lang='lat' dir='ltr'>Britanni</span> <span class='ocrx_word' id='word_1_301' title='bbox 685 3311 853 3388; x_wconf 83' lang='lat' dir='ltr'>praeferuut,</span> <span class='ocrx_word' id='word_1_302' title='bbox 865 3316 895 3368; x_wconf 90' lang='lat' dir='ltr'>ut</span> <span class='ocrx_word' id='word_1_303' title='bbox 908 3327 980 3386; x_wconf 80' lang='lat' dir='ltr'>qnos.</span> 
     </span>
     <span class='ocr_line' id='line_1_40' title="bbox 65 3387 980 3465; baseline 0.002 -21"><span class='ocrx_word' id='word_1_304' title='bbox 65 3387 190 3446; x_wconf 90' lang='lat' dir='ltr'>nondum</span> <span class='ocrx_word' id='word_1_305' title='bbox 213 3388 296 3463; x_wconf 69' lang='lat' dir='ltr'>ionga</span> <span class='ocrx_word' id='word_1_306' title='bbox 321 3407 376 3465; x_wconf 85' lang='lat' dir='ltr'>pax</span> <span class='ocrx_word' id='word_1_307' title='bbox 402 3390 570 3447; x_wconf 77' lang='lat' dir='ltr'>emollierit:</span> <span class='ocrx_word' id='word_1_308' title='bbox 595 3407 668 3458; x_wconf 91' lang='lat' dir='ltr'>nam,</span> <span class='ocrx_word' id='word_1_309' title='bbox 691 3389 789 3446; x_wconf 84' lang='lat' dir='ltr'>Gallos</span> <span class='ocrx_word' id='word_1_310' title='bbox 815 3405 927 3464; x_wconf 79' lang='lat' dir='ltr'>qusque</span> <span class='ocrx_word' id='word_1_311' title='bbox 948 3387 980 3446; x_wconf 84' lang='lat' dir='ltr'>in·</span> 
     </span>
     <span class='ocr_line' id='line_1_41' title="bbox 64 3463 976 3542; baseline 0.005 -22"><span class='ocrx_word' id='word_1_312' title='bbox 64 3465 150 3522; x_wconf 88' lang='lat' dir='ltr'>belbs</span> <span class='ocrx_word' id='word_1_313' title='bbox 164 3463 306 3536; x_wconf 81' lang='lat' dir='ltr'>floruisse,</span> <span class='ocrx_word' id='word_1_314' title='bbox 321 3474 501 3542; x_wconf 84' lang='lat' dir='ltr'>accepimus:</span> <span class='ocrx_word' id='word_1_315' title='bbox 528 3485 593 3524; x_wconf 82' lang='lat' dir='ltr'>mox</span> <span class='ocrx_word' id='word_1_316' title='bbox 615 3467 732 3542; x_wconf 83' lang='lat' dir='ltr'>segnitia</span> <span class='ocrx_word' id='word_1_317' title='bbox 744 3483 807 3523; x_wconf 89' lang='lat' dir='ltr'>cum</span> <span class='ocrx_word' id='word_1_318' title='bbox 821 3465 878 3522; x_wconf 87' lang='lat' dir='ltr'>otio</span> <span class='ocrx_word' id='word_1_319' title='bbox 888 3467 976 3525; x_wconf 72' lang='lat' dir='ltr'>intra</span> 
     </span>
     <span class='ocr_line' id='line_1_42' title="bbox 62 3541 976 3621; baseline 0.003 -24"><span class='ocrx_word' id='word_1_320' title='bbox 62 3548 117 3610; x_wconf 80' lang='lat' dir='ltr'>rit,</span> <span class='ocrx_word' id='word_1_321' title='bbox 133 3544 347 3602; x_wconf 74' lang='lat' dir='ltr'>amisstmrtute</span> <span class='ocrx_word' id='word_1_322' title='bbox 358 3543 506 3621; x_wconf 86' lang='lat' dir='ltr'>pariterac</span> <span class='ocrx_word' id='word_1_323' title='bbox 519 3543 670 3602; x_wconf 80' lang='lat' dir='ltr'>libertate:</span> <span class='ocrx_word' id='word_1_324' title='bbox 695 3543 771 3620; x_wconf 91' lang='lat' dir='ltr'>quod</span> <span class='ocrx_word' id='word_1_325' title='bbox 779 3541 976 3602; x_wconf 87' lang='lat' dir='ltr'>Britannorum</span> 
     </span>
     <span class='ocr_line' id='line_1_43' title="bbox 65 3617 935 3756; baseline 0.005 -80"><span class='ocrx_word' id='word_1_326' title='bbox 65 3617 136 3676; x_wconf 85' lang='lat' dir='ltr'>olim</span> <span class='ocrx_word' id='word_1_327' title='bbox 147 3625 229 3678; x_wconf 79' lang='lat' dir='ltr'>victis</span> <span class='ocrx_word' id='word_1_328' title='bbox 240 3621 354 3682; x_wconf 70' lang='lat' dir='ltr'>evenit:</span> <span class='ocrx_word' id='word_1_329' title='bbox 369 3621 462 3680; x_wconf 86' lang='lat' dir='ltr'>ceteri</span> <span class='ocrx_word' id='word_1_330' title='bbox 479 3629 605 3756; x_wconf 46' lang='lat' dir='ltr'>agerent,</span> <span class='ocrx_word' id='word_1_331' title='bbox 616 3619 713 3698; x_wconf 84' lang='lat' dir='ltr'>quales</span> <span class='ocrx_word' id='word_1_332' title='bbox 724 3620 800 3680; x_wconf 85' lang='lat' dir='ltr'>Galli</span> <span class='ocrx_word' id='word_1_333' title='bbox 812 3619 935 3681; x_wconf 81' lang='lat' dir='ltr'>bierunt</span> 
     </span>
    </p>

    <p class='ocr_par' dir='ltr' id='par_1_10' title="bbox 519 3701 568 3754">
     <span class='ocr_line' id='line_1_44' title="bbox 519 3701 568 3754; baseline 0 0"><span class='ocrx_word' id='word_1_334' title='bbox 519 3715 536 3754; x_wconf 83' lang='lat' dir='ltr'>a</span> <span class='ocrx_word' id='word_1_335' title='bbox 549 3701 568 3754; x_wconf 75' lang='lat'>2</span> 
     </span>
    </p>
   </div>
   <div class='ocr_carea' id='block_1_9' title="bbox 0 0 1132 3960">
    <p class='ocr_par' dir='ltr' id='par_1_11' title="bbox 0 0 1132 3960">
     <span class='ocr_line' id='line_1_45' title="bbox 0 0 1132 3960; baseline 0 0"><span class='ocrx_word' id='word_1_336' title='bbox 0 0 1132 3960; x_wconf 95' lang='lat' dir='ltr'> </span> 
     </span>
    </p>
   </div>
  </div>
 </body>
</html>
