2252 3958
159 362 195 434 n
446 367 479 426 u.
497 365 612 426 cons.
630 337 787 424 ructm'
873 361 1062 428 noemi.
1119 393 1120 398 κ

197 514 275 580 LIV.
315 517 435 595 Miserat
462 518 560 594 civitas
588 515 756 593 Lingonum,
771 521 889 574 l'vetere
918 516 1060 588 instituto,

159 599 232 660 dona
242 598 409 674 legionibus,
420 597 544 665 dextras,
558 595 673 672 hospitii
683 595 816 670 insignes
836 595 936 670 Legati
946 613 1061 665 eornm,

159 679 188 738 in
196 674 357 754 squalorem
370 674 587 751 moestitiarnque
598 673 757 749 compositi,
772 691 829 746 per
836 671 989 756 principia,
1002 677 1061 748 per

160 754 353 822 contubernia,
367 755 452 812 modi)
466 763 547 828 ‘suas
557 752 694 828 injurias,’
709 747 800 808 modb‘
809 759 817 784 ‘
827 751 973 808 civitatum
985 751 1059 808 vici·

156 840 169 869 ⁴
183 851 282 890 narum
294 832 431 907 praemia?
446 838 486 902 et,
499 829 547 888 ubi
561 830 658 906 pronis
672 827 917 896 militumauribus
932 828 1059 904 accipie-

158 910 261 970 bantur
281 910 392 985 ‘ipsius
419 909 560 968 exercitus
576 907 706 984 pericula
730 913 759 964 et
777 889 964 966 conmmelias
988 925 1058 964 con-

160 995 323 1064 querentes,
345 989 535 1048 accendebant
556 986 671 1044 animos.
711 984 776 1042 Nec
788 984 901 1058 procul
914 983 1057 1042 seditione

159 1067 286 1134 aberant,
300 1067 363 1124 edm
377 1066 558 1128 Hordeonius
572 1063 691 1120 Flaccus
712 1071 720 1097 ‘
733 1062 813 1119 abire
827 1063 953 1136 legatos,'
968 1069 1058 1138 utque

159 1145 299 1202 occultior
311 1145 452 1219 digressus
467 1150 552 1213 esset,
567 1149 671 1204 ‘nocte
685 1141 783 1198 castris
797 1139 952 1206 excedere’
961 1139 1055 1215 jubet.

159 1221 228 1279 lnde
242 1229 322 1280 atrox
335 1241 434 1280 rumor
447 1219 655 1278 adfirmantibus
676 1219 833 1294 plerisque,
856 1227 864 1252 ‘
879 1216 1058 1286 interfectos,

159 1306 167 1334 ‘
183 1318 215 1357 ac
228 1301 282 1358 nisi
295 1301 350 1376 ipsi
363 1299 573 1367 consulerent,2
591 1296 653 1354 fore
667 1304 699 1353 ut
718 1295 855 1354 acerrimi
870 1295 1001 1364 militum,
1026 1302 1057 1352 et

158 1383 167 1412 ‘
182 1381 335 1454 praesentia
348 1377 506 1453 conquesti,
522 1394 576 1450 per
588 1377 732 1442 tenebras,
749 1382 778 1430 et
791 1373 930 1430 inscitiam
943 1380 1059 1430 ceteros

158 1463 256 1523 ‘rum,
283 1455 503 1513 occiderentur!
558 1453 778 1526 Obstringuntur
810 1451 885 1508 inter
911 1469 943 1508 se
968 1451 1057 1516 tacito

126 1593 127 1598 χ
157 1531 268 1596 foedere
282 1533 418 1606 legiones.
456 1531 635 1598 ,Adsciscitur
657 1531 825 1587 auxiliorum
846 1529 937 1598 miles,
959 1529 1058 1604 primb
1113 1516 1120 1808 1

96 1655 103 1664 ,
157 1617 316 1685 suspectus,
330 1613 480 1687 tamquam,
501 1607 678 1665 circumdatis
693 1607 856 1666 cohortibus
870 1605 988 1682 alisque,
1004 1607 1057 1664 im-

157 1695 240 1762 petus
249 1687 278 1744 in
286 1688 412 1762 legiones
424 1693 590 1764 pararetur;
613 1704 678 1742 mox
692 1685 790 1742 endem
802 1685 894 1742 acriis
903 1685 1024 1742 volvens
1032 1689 1059 1757 33

157 1763 284 1822 faciliore
298 1766 374 1822 inter
387 1766 473 1822 malos
487 1780 627 1826 consensu
647 1763 681 1823 ad
702 1763 819 1832 bellum,
844 1765 928 1839 quim
940 1762 969 1819 in
983 1781 1057 1838 pace

158 1843 191 1900 nd
205 1843 395 1900 concordium.
1009 1883 1015 1892 .

196 1919 257 1976 LV.
279 1919 446 1976 *inferioris
467 1928 561 1976 tamen
587 1919 748 1999 Germanioi
772 1920 909 1993 legiones,-
934 1919 1056 1979 solemni

156 1998 347 2056 Kalendarum
359 1999 559 2055 ianuariarum
573 2005 748 2055 sacramento
766 2016 820 2072 pro
833 1997 925 2056 Galnt
938 1997 1055 2066 adacte,

155 2078 243 2136 multi
256 2077 438 2134 cunctatione
455 2083 484 2133 et
502 2078 573 2132 raris
593 2075 751 2151 primorum
765 2074 894 2134 ordinum
913 2075 1052 2135 vocibus:

91 2149 94 2164 ¹
156 2155 247 2213 ceteri
260 2155 383 2222 silentio,
404 2153 527 2229 proximi
540 2153 678 2228 cujusque
695 2151 836 2211 audaciam
850 2159 1033 2228 expectantes
1047 2174 1055 2224 ;

155 2233 237 2290 insiti
260 2233 425 2304 mortalibus
445 2233 546 2288 naturd
568 2231 700 2307 propere·
717 2230 811 2306 sequi,
835 2231 1051 2306 quaepigetin·

156 2310 277 2381 clinare.
316 2310 371 2366 Sed
383 2309 450 2382 ipsis
459 2309 617 2382 legionibus
629 2309 722 2364 inerat
730 2307 878 2366 diversitas
889 2308 1055 2373 animorum.

155 2385 291 2456 Primam,
314 2387 497 2463 quintanique
521 2387 626 2443 turbidi
650 2386 723 2443 adeo
749 2394 782 2443 ut
806 2387 918 2461 quidam
939 2395 1006 2446 saxa
1025 2387 1054 2443 in

154 2464 254 2522 Galba
268 2463 405 2538 imagines
420 2463 566 2538 jecerint:
589 2464 793 2540 quintadecima
814 2483 846 2522 ac
866 2464 1057 2523 sextadecima

119 2589 121 2594 .
155 2542 293 2617 legiones,
313 2542 394 2610 nihil,
416 2543 489 2598 ultra
510 2540 653 2599 fremitum
667 2550 696 2598 et
714 2543 812 2611 minas,
837 2561 923 2612 ousae,
944 2541 1057 2598 initium

154 2619 324 2701 erumpendi
339 2619 621 2696 circumspectabant.
663 2622 700 2679 nt
712 2621 741 2676 in
755 2620 898 2696 superiori
912 2620 1055 2689 exercitu,

153 2707 254 2774 quarte
267 2719 301 2758 ac
321 2698 543 2759 duoetvicesima
563 2699 702 2772 legiones,
725 2698 825 2756 iisdem
844 2699 972 2757 bibernis
993 2704 1054 2754 ten-¹

152 2777 264 2851 nentes,
291 2778 354 2853 ipso
380 2775 577 2848 Kalendarum·
598 2775 795 2845 ianuariarum
816 2775 865 2832 die
892 2775 1056 2850 dirumpunt

147 2863 151 2908 l
1003 2877 1010 2891 -.

117 2913 150 2988 l'
188 2935 201 2981 1
222 2931 593 3002 limenun,lroann'tt'iinriguae,¹
616 2933 762 3001 ,Suspicori
771 2932 931 2988 lieetfuisse
942 2932 1056 3000 aliquod

152 3017 189 3054 ex
201 3017 269 3054 euro
282 3013 330 3054 eut
343 3013 459 3070 argento
473 3003 594 3070 signum,
614 3003 684 3055 duas
696 3005 817 3056 ,dextros
837 3004 920 3056 simul
939 3003 1055 3071 junctos

152 3073 285 3136 referens,
298 3073 372 3138 quod
385 3071 459 3124 dono
471 3072 593 3124 invicem
606 3073 773 3138 mitteretur,
786 3084 932 3144 tamquam
942 3074 1053 3141 symbo-

151 3139 211 3197 lum
223 3141 345 3209 hospitii,
355 3141 432 3210 fidei,
445 3153 493 3194 aut
505 3143 671 3196 concordiae.
708 3143 779 3196 Vide
793 3143 866 3196 Hist.
878 3142 906 3196 2.
918 3143 943 3196 8.
958 3181 970 3197 .

144 3249 155 3258 ι-
185 3209 551 3294 omnipotentiorem.
579 3212 717 3270 Absolute
737 3223 889 3280 sumptum,
913 3208 1055 3280 prospice·

151 3295 223 3346 rent,
245 3283 433 3350 providerent.
471 3281 515 3336 Ita
527 3299 542 3336 e
555 3282 630 3336 Flor.
645 3283 775 3358 etuRogio
787 3283 909 3336 restituit
921 3281 1055 3350 Ryckius,

151 3369 202 3421 pro
215 3351 247 3404 ni
258 3351 312 3406 eibi
323 3353 489 3406 consulerent
500 3353 574 3420 quod
588 3371 605 3404 a
618 3351 756 3406 Rheneno
770 3352 937 3420 profectum.

188 3421 206 3473 3
224 3421 329 3480 Eodem
341 3420 431 3476 occido
442 3423 557 3476 uoluens.
593 3421 639 3477 lto
656 3423 731 3475 Flor.
744 3423 852 3490 Regius
864 3434 892 3478 et
904 3419 973 3476 editi
990 3431 1056 3488 onte

97 3506 103 3519 ·
152 3489 323 3546 Rhenanum
343 3493 372 3546 id
393 3509 428 3546 ue
448 3494 564 3546 verbam
585 3489 686 3544 Tacito
706 3493 843 3548 familiare
856 3493 979 3548 restituit
991 3489 1054 3544 Joc-

151 3557 324 3684 gpoppviur.
360 3511 555 3633 tinguentes
566 3559 663 3629 robur,
682 3579 787 3633 errore,
805 3573 837 3634 ut
848 3563 970 3636 ridetur,
989 3576 1058 3632 ope

199 3645 216 3684 u
247 3665 255 3683 .
