2254 3960
148 307 200 366 aro
389 263 799 374 ,'cooar.rscmr··
853 307 1046 370 laesae.

149 450 269 522 merus,¹
292 457 321 511 et
341 443 432 512 mixtis
458 453 605 530 utriusque
629 449 778 520 mandatis,
799 449 941 510 discordia
986 465 1045 510 aas·

149 527 201 586 sita
213 536 352 606 auctaque
366 547 455 605 pravo
475 527 658 588 certamine.²
696 525 865 601 Legatorum
880 529 930 604 jus
986 530 1049 596 ola«=
1079 527 1084 536 '

150 605 201 675 vit,
210 607 395 665 diuturnitate
411 598 506 675 officii,
520 607 568 664 vel
589 606 656 682 qnia
676 604 830 662 minoribus
851 605 946 680 major
959 607 1045 663 emn-

149 683 225 741 landi
246 697 336 743 cura:
358 685 558 758 proconsulum
581 681 823 758 splendidissimus
844 683 980 763 (pemque,
1000 700 1046 740 se-

149 761 259 819 curitati
272 761 368 834 magis,
383 760 466 836 quim
480 760 614 836 potentiae
628 759 820 818 consulebant.
957 815 963 820 .
1048 764 1050 772 ’

75 853 85 860 ·
188 837 291 894 XLIX.
333 837 390 895 Sed
412 845 472 896 tum
494 838 634 912 legionem
655 836 684 892 in
706 833 802 893 Africa
821 837 941 911 regebat
960 835 1047 895 Vale-

149 913 207 971 rius
234 913 349 984 Festus,
376 921 548 990 sumptuosae
575 913 782 982 adolescente,
809 929 903 990 nequa
936 915 1049 973 modica

148 991 279 1066 cupiens,
291 999 320 1061 et
333 989 473 1050 adfinitate
487 991 595 1049 Vitellii
609 991 716 1048 anxius.
758 990 786 1046 ls
806 989 917 1048 crebris
938 996 1048 1048 sermo·
1062 977 1076 1060 d

148 1066 231 1126 nibus
253 1069 443 1128 tentaveritne
464 1067 599 1126 Pisonem
622 1067 656 1124 ad
681 1085 728 1123 res
750 1079 848 1136 novas,
870 1085 904 1124 an
918 1069 1074 1126 tentanti*

148 1145 472 1218 restiterit,=incertum;
493 1147 624 1220 quoniam
642 1151 756 1202 secreto
778 1161 878 1201 eorum
897 1159 987 1203 nemo
1001 1147 1047 1202 ad-

148 1214 214 1293 suit,
226 1235 266 1293 et,
280 1225 375 1282 occiso
389 1221 502 1292 Pisone,
514 1223 647 1299 ¹plerique
669 1219 703 1277 ad
720 1221 839 1296 gratiam
852 1220 1049 1288 interfectoris

149 1297 333 1360 inclinavere.
388 1300 452 1359 Nec
478 1301 626 1374 ambigitur
648 1299 834 1374 provinciam,
861 1305 890 1355 et
915 1300 1049 1370 militem,

150 1377 271 1438 alienato
294 1399 361 1454 erga
379 1377 583 1454 Vespasianum
597 1376 687 1433 animo
708 1375 819 1446 fnisse3
845 1377 1009 1451 etquidem
1031 1397 1048 1434 e

150 1451 321 1524 Vitellianis,
342 1457 414 1512 urbe
437 1454 560 1530 profugi,
582 1453 757 1511 ostentabant
776 1452 871 1510 Pisoni
891 1461 1049 1513 ‘nutantes

150 1532 440 1607 ‘Gallias,'paratam
466 1532 658 1600 Germaniam,
684 1531 819 1605 pericula¹
838 1530 847 1586 i
869 1529 939 1599 sius,
962 1540 996 1590 et
1018 1530 1049 1589 in

150 1613 159 1643 ‘
173 1627 244 1684 pace
257 1611 389 1684 suspectd
402 1609 487 1668 tutius
505 1610 636 1667 bellum?
676 1607 755 1666 luter
768 1626 831 1682 quae
847 1549 985 1666 drausius
1000 1609 1047 1666 Sa-

103 1717 108 1736 .
147 1685 226 1759 gitta,
264 1684 417 1762 praefectus
449 1688 502 1742 alae
536 1684 672 1754 Petrinae,
699 1686 839 1760 prospere
869 1673 1048 1760 navigatione

148 1763 288 1836 prevenit
314 1761 459 1838 Papirium
482 1764 688 1831 centurionem,
711 1780 727 1818 a
748 1761 881 1841 Marciano
904 1763 1046 1820 missum:

149 1839 394 1915 adseveravitque,
417 1841 566 1898 ‘mandata
586 1839 775 1902 interficiendi
799 1837 921 1907 Pisonis,
944 1848 1044 1898 centn-

150 1917 246 1974 ‘rioni
267 1917 338 1974 data.
380 1915 527 1975 Cecidisse
547 1917 742 1985 Galerianum,
759 1915 961 1973 consobrinum
983 1918 1046 1994 ejus

149 2003 376 2071 ‘generumque
424 1995 515 2076 Unam
538 1996 567 2052 in
588 1994 703 2052 audacie
728 2011 810 2069 spem
833 1992 940 2050 salutis.
993 1995 1049 2052 Sed

149 2082 157 2110 ⁶
173 2075 230 2132 duo
249 2074 352 2133 itinera
362 2073 489 2136 ¹audendi
506 2095 513 2145 ;
536 2092 588 2130 seu
602 2073 697 2130 mallet
710 2071 803 2128 statim
818 2089 905 2138 arma,
919 2089 983 2140 seu,
997 2091 1048 2148 pe-

150 2152 223 2210 ‘titt
243 2152 362 2210 navibus
383 2150 487 2222 Gallis,
513 2151 615 2208 ducem
641 2167 674 2206 se
694 2147 852 2206 Vitellianis
873 2149 1052 2208 exercitibus

149 2237 157 2262 ⁶
173 2228 357 2288 ostenderet!
398 2227 479 2285 Nihil
494 2228 575 2294 adea
587 2234 662 2284 moto
679 2225 794 2294 Pisone,
807 2225 938 2285 centurio
953 2244 970 2282 a
983 2225 1046 2283 Mn-

148 2305 231 2361 ciano
262 2305 372 2372 missus,
404 2311 436 2361 ut
467 2303 584 2378 portum
613 2303 790 2378 Carthaginis
815 2303 925 2378 attigit,
949 2303 1048 2380 magna

149 2398 232 2448 voce,
255 2381 321 2438 laeta
347 2379 442 2437 Pisoni
468 2382 586 2451 amatas
608 2387 749 2458 tamquam
771 2378 1046 2457 Principiscontinu-

148 2475 221 2530 are;
243 2457 342 2514 obvios
364 2464 393 2514 et
413 2457 513 2517 subite
534 2459 577 2515 rei
598 2460 734 2535 miraculo
748 2460 888 2528 attonitos,
902 2466 934 2516 ut
947 2459 1045 2516 eadem

149 2536 356 2614 adstreperent,
380 2535 512 2592 hortari:
537 2538 637 2612 vulgus
661 2537 818 2606 credulum,
839 2554 929 2594 ruere
951 2537 980 2593 in
1003 2535 1043 2593 fo-

148 2632 222 2685 rum,
249 2608 454 2690 ‘praesentiam
478 2611 598 2672 Pisonis'
626 2631 795 2690 exposcere.
849 2613 962 2673 Gaudio
989 2615 1044 2672 cla-

81 2763 84 2770 ,
148 2692 331 2768 moribusque
364 2691 465 2750 cuncta
502 2692 667 2762 miscebant,
700 2690 874 2766 indiligentia
891 2691 982 2762 teri,
1016 2699 1044 2748 et

122 2855 133 2869 ’·
184 2847 411 2918 chneficiorum
429 2864 564 2918 numerus.
601 2846 655 2902 llic
675 2846 799 2917 maffeio
811 2843 928 2915 Lipsius
946 2847 1045 2900 intelli-

149 2919 189 2992 git
201 2920 391 2986 promotiones
403 2917 437 2971 sd
452 2919 563 2971 altiores
575 2917 690 2978 ordines
699 2935 749 2970 seu
761 2917 865 2988 gradus
878 2915 994 2970 militiae.
1047 2953 1051 2968 .

130 3043 135 3048 ,
182 2985 308 3040 2Prccc
321 2984 470 3040 armamitre.
508 2985 584 3040 Dum
602 2987 708 3040 scilicet
727 2997 827 3039 neuter
848 2986 930 3038 alteri
945 2995 1044 3039 conee-

149 3057 215 3111 dcre
227 3057 353 3121 sustinet.
389 3055 577 3112 Diatumitcte
587 3055 666 3126 efficii
677 3049 822 3125 prevaluit
833 3066 960 3123 potestas
971 3057 1045 3125 lega·

149 3137 259 3180 torum:
278 3138 389 3194 tempus
407 3127 481 3178 enim
500 3128 568 3194 ipsis
580 3143 636 3179 non
650 3127 704 3179 nisi
715 3126 860 3180 voluntate
872 3127 1016 3194 principis,
1028 3141 1045 3176 a

150 3213 204 3265 quo
225 3194 415 3260 mittebantur,
433 3195 612 3263 prefinitum:
645 3197 684 3250 At
701 3195 894 3264 proconsules,
914 3211 932 3248 a
947 3205 1043 3249 senatu

148 3267 235 3331 missi,
247 3265 397 3334 quotannis
408 3266 597 3319 mutabantur.
844 3275 849 3279 ’
994 3315 997 3320 .

182 3334 200 3386 3
218 3335 294 3388 Laeta
306 3332 407 3386 Pisoni
417 3333 708 3394 omina-condacum.
724 3377 728 3382 .
745 3331 829 3387 Laetis
848 3333 992 3386 ominibus
1002 3331 1047 3384 Pr.

150 3415 248 3464 sonem
266 3403 466 3465 assiduemus
485 3403 614 3456 omnibus
632 3403 772 3474 prosequi,
784 3413 931 3472 tamquam
944 3403 1041 3471 princi-

150 3469 225 3527 pem·
259 3467 314 3519 Pro
325 3469 424 3532 omina,
437 3471 511 3536 quod
524 3479 539 3522 e
552 3474 725 3526 correctione
737 3471 858 3526 Acidalii
871 3473 981 3543 recepit
993 3470 1042 3529 Er·

150 3539 255 3596 nemus,
267 3533 343 3588 Editi
355 3537 458 3591 habent
469 3537 571 3594 omnia.
