2254 3960
19 315 20 318 ¹
68 305 183 368 nem
250 303 436 366 maron.
455 267 528 365 tm.
547 295 737 406 armeus.
803 276 804 284 ‘
905 291 1010 370 ets*

69 463 115 516 unt
128 463 265 532 querente
279 458 343 514 sane
355 457 459 528 Civile,
470 465 503 516 et
510 457 675 533 increpante
685 457 855 527 Germanos,
869 465 877 493 ‘
889 465 956 517 tam-

19 597 22 600 .
69 539 173 608 ‘quam
185 533 269 592 fidem
283 553 336 608 per
349 535 441 592 scelus
455 535 677 610 abrumperent’
719 535 854 594 Simulata
866 553 902 593 ea
913 535 978 594 fu·

68 611 149 680 erint,
165 630 199 667 an
218 611 344 668 retinere
364 613 518 670 saevientes
531 612 703 687 nequiverit,
716 630 816 687 partim
830 612 957 670 adfirma-

68 692 120 746 tu'r.
164 687 289 763 Direptis
312 688 421 756 castris,
444 688 521 752 laces
539 689 689 761 injiciunt:
711 695 896 764 cunctosque,
911 691 959 766 qui
985 693 989 703 “

67 764 168 836 proelio
181 763 390 840 superfuerant,
404 763 564 820 incendium
584 765 684 825 bausit.

102 839 179 898 LXI.
213 841 341 910 ‚civilis
364 841 483 904 barbaro
507 840 598 907 voto,1
621 849 685 914 post
704 849 798 919 ooepta
824 843 959 920 adversus

68 915 207 988 Rompnos
241 937 326 985 arma,
353 935 512 992 propexum
542 918 741 994 rutilatumque
773 920 892 989 crinem,
911 940 960 995 pa-

65 997 136 1052 trati
155 997 270 1072 demum
293 995 373 1052 cade
396 994 547 1067 legionum,
570 993 710 1068 deposuit.
758 995 795 1053 Et
815 995 961 1055 ferebatur

65 1075 189 1144 parvulo
208 1073 277 1140 tilio,
304 1071 437 1146 quosdam
463 1071 652 1144 captivorum,
675 1071 778 1144 sagittis
796 1073 960 1150 jactdisque

65 1149 222 1222 puerilibus
243 1148 379 1222 figendos,
400 1148 544 1212 obtulisse.
586 1147 723 1204 ceterum
741 1165 835 1223 neque
850 1169 897 1218 ιε,
910 1171 959 1210 ne·

67 1243 120 1298 que
135 1243 304 1301 quemquem
315 1225 460 1294 Batavum,
475 1225 502 1282 in
514 1223 767 1282 verbaGslliarum
780 1225 880 1299 adegit,
894 1228 960 1285 fisus

53 1303 273 1378 Germanorum
294 1304 413 1378 opibus;
434 1309 474 1370 et,
488 1302 511 1358 si
533 1302 700 1360 certandum.
718 1301 852 1364 adversim
862 1303 960 1361 Gallos

66 1379 100 1436 de
122 1380 303 1456 possessione
330 1379 533 1449 resumserat,
560 1379 672 1438 inclitus
695 1378 779 1447 fami,
801 1386 830 1436 et
856 1380 959 1454 potior.

63 1456 217 1516 ¹Mummius
243 1457 402 1531 Lupercus,
414 1458 530 1531 ,legatus
556 1457 685 1532 legionis,
702 1457 780 1514 inter
805 1457 879 1514 dona
895 1457 961 1516 mis·

67 1534 254 1592 susVeledae.
296 1533 337 1592 Ea
357 1535 436 1609 virgo
457 1535 577 1594 nationis
594 1535 754 1605 Bructerae,
768 1535 823 1595 late
845 1533 961 1614 imperi-

68 1613 138 1670 tabat
154 1633 161 1668 ε
184 1610 284 1672 vetere
306 1611 379 1688 apud
390 1613 557 1670 Germanos
577 1631 669 1682 more,
683 1632 740 1688 quo
754 1615 905 1692 plerasque
918 1616 960 1675 se·

69 1689 202 1746 minarum
227 1689 361 1756 fatidicas,
388 1698 417 1748 et
450 1697 617 1762 augescente
650 1692 861 1766 superstitione,
885 1696 960 1752 arbi·

69 1771 176 1823 trantur
195 1759 288 1824 (leae.2
328 1765 468 1842 Tuncque
495 1765 614 1826 Veledae
637 1770 785 1828 auctoritas
810 1771 959 1829 adolevit:

68 1861 129 1902 nam
147 1853 155 1918 ξ
172 1862 325 1920 prosperas
348 1844 498 1902 Germanis
519 1863 576 1913 res,
596 1853 625 1904 et
646 1847 787 1904 excidium
807 1847 958 1922 legionum'

69 1922 246 1995 predixerat.
281 1921 336 1980 Sed
350 1921 509 1996 Lupercus,
523 1923 553 1979 in
565 1922 666 1979 itinere
680 1922 853 1981 interfectus.
886 1924 959 1982 Pau-

70 1999 94 2057 ci
116 2000 313 2058 centurionum
332 1999 567 2072 tribunorumque
587 1998 617 2053 in
638 1997 734 2055 Gallis
752 1999 849 2071 geniti,
864 2017 958 2058 reser-

69 2083 177 2144 vantur,
191 2077 292 2150 pignus
303 2074 453 2132 societatis.
494 2074 662 2131 Cohortium
676 2075 794 2142 alarum,
808 2073 959 2151 leg-ioum,

71 2151 187 2210 hiberna
203 2155 340 2211 subversa
359 2159 562 2226 cremataque:
583 2151 618 2208 iis
638 2151 743 2210 tautum
763 2149 882 2220 relictis,
896 2170 959 2227 quae

71 2227 246 2304 Mogontiaci,
260 2249 292 2286 ac
306 2228 482 2300 Vindonissae
496 2229 547 2286 sita
560 2235 633 2286 sunt.

105 2307 195 2364 Llill.
237 2307 325 2380 Legio
346 2306 544 2374 sextadecima,
558 2324 624 2363 cum
646 2305 758 2364 auxiliis
777 2304 860 2364 simul
879 2305 958 2366 dedi·

70 2383 140 2453 tis,a
158 2383 288 2444 Nove'sio
311 2383 339 2440 in
361 2383 499 2440 coloniam
523 2383 720 2444 Treverorum
742 2384 896 2459 transgredi
912 2384 959 2460 ju-

70 2459 158 2532 betur,
175 2461 315 2536 praefioita
328 2460 385 2530 die,
399 2461 473 2517 intra
486 2479 568 2536 qnam
581 2464 682 2521 castris
695 2463 862 2520 excederet.
896 2462 959 2520 Me-

70 2535 140 2595 dium
161 2557 246 2596 omne
271 2546 393 2612 tempus,
415 2538 579 2612 pervarias
602 2542 684 2597 curas
707 2540 803 2612 egere,
816 2539 959 2612 ignavissi-

71 2631 126 2673 mus
148 2617 279 2693 quisque,
301 2633 440 2672 caesorum
462 2615 535 2688 apud
559 2613 666 2672 Vetera
688 2615 832 2688 exemplo,
854 2631 958 2686 paven-

71 2696 129 2763 tes3
150 2692 253 2752 melior
267 2710 341 2768 pars,
363 2693 468 2748 rubore
491 2697 521 2747 et
543 2688 665 2759 infamis,
680 2691 784 2764 ‘quale
802 2689 873 2746 illud
891 2690 958 2759 iter,

72 2771 151 2842 ‘quis
164 2770 290 2835 duxviae
306 2769 317 2827 ‘l
338 2776 367 2825 et
390 2766 483 2824 omnia
502 2767 530 2825 in
551 2765 667 2824 arbitrio
682 2783 793 2834 eorum,
806 2783 878 2840 quos
891 2767 958 2826 vite

72 2851 79 2875 ‘
93 2846 226 2923 necisque
239 2846 366 2903 dominos
380 2843 534 2901 fecissent.’
576 2842 643 2912 Alii,
656 2843 734 2900 uulld
745 2841 896 2901 dedecoris
910 2862 958 2902 cuv

73 2921 111 2990 rt,
137 2924 295 3000 pecuniam,
322 2930 368 2979 aut
400 2921 542 2978 carissima
567 2919 734 2994 sibimetipsi
759 2919 956 2979 circumdare:
1030 2987 1041 3000 .

73 2998 178 3071 quidam
193 3000 333 3075 expedire
355 3017 441 3066 arma,
456 2997 577 3074 telisque
600 3004 741 3073 tamquam
761 2997 790 3053 in
808 2995 897 3054 aciem
915 3015 958 3054 ac-

73 3074 150 3150 cingi.
192 3077 264 3137 Harc
287 3076 496 3146 meditantibus,
520 3075 633 3132 advenit
656 3069 855 3152 proficiscendi
876 3075 958 3144 liora,

104 3230 119 3281 1
137 3231 258 3288 Barbare
269 3236 335 3286 uoto.
349 3259 350 3262 ¹
372 3229 443 3286 Vide
460 3231 496 3284 de
508 3231 632 3285 moribus
645 3229 851 3284 Germanorum
862 3228 906 3282 31.

103 3300 121 3352 2
137 3301 310 3358 Arbitrantur
330 3302 402 3356 deas.
438 3301 537 3369 vulga,
549 3298 719 3354 Arbdreutur
729 3300 801 3352 deos.
838 3297 959 3354 Mutant

71 3365 204 3425 Ernestus
216 3389 252 3425 ex
264 3373 386 3426 editione
397 3373 496 3440 prima,
508 3382 536 3430 et
545 3371 585 3428 sic
597 3369 710 3426 volebat
722 3369 858 3428 Muretus.
887 3365 959 3424 vida

73 3437 236 3502 ie'moubu·
250 3441 345 3502 Germ.
357 3439 386 3498 8.
402 3514 405 3522 Ι
580 3469 584 3478 -
