2254 3960
292 117 342 263 q
394 60 399 67 ,

90 315 122 358 s.
141 303 225 364 sm
299 285 473 360 ·‘n1smn.
492 265 570 360 nra‘
583 251 786 364 orsurus.
940 303 994 366 ns

96 457 106 486 ‘
118 451 213 514 ariani
225 469 304 516 suam
313 451 474 524 diroJulin,
488 451 665 528 psrflellias
676 451 804 522 bellanti,
815 469 941 529 perpere
952 459 991 516 et·

97 540 179 606 ‘qne
193 530 331 598 adulterio
345 530 506 612 placuisse)
547 529 586 586 Hi
606 526 726 590 secretis
735 530 915 610 sermonibus
935 532 991 592 ani-

95 617 158 664 mos
175 616 343 668 ceterorum
364 607 507 676 scrutari:
531 608 598 682 lubi,
619 625 689 686 qnos
711 607 826 664 idoneos
846 609 991 682 ¹rebantur,

93 685 268 742 conscientie
302 679 492 752 obstrinxere,
523 685 553 740 in
585 686 696 745 colonis
727 685 937 760 Agrippinensi,
964 687 993 748 iu
1103 699 1104 702 ’

93 760 210 821 domum
233 762 375 837 privatum
397 761 573 823 coveniunt:
596 781 659 830 nam
680 763 792 837 publice
815 761 914 828 ciuitas
929 764 992 824 tuli·

91 839 147 894 bus
172 839 291 916 inceptis
319 839 500 898 abhorrebat.
551 840 680 898 Attamen
701 837 857 900 interfuere
881 840 993 916 qnidam

91 913 247 985 Ubiorum,
279 917 529 991 Tungrorumque.
583 915 639 975 Sed
671 915 794 989 piurima
826 919 868 976 vis
902 937 1000 994 penes

92 991 257 1062 Treveros,
271 1013 303 1052 ac
317 994 464 1068 Lingonas.
506 991 569 1046 Nec
583 992 676 1046 tulere
689 1008 783 1048 mores
796 995 990 1059 consultandi:

90 1071 226 1128 certatim
251 1073 435 1146 proclamant,
462 1066 583 1123 ‘furere
602 1067 749 1124 discordiis
773 1072 908 1144 populum
935 1072 992 1130 Ro.

90 1153 244 1216 ‘manum
270 1166 357 1206 caesas
383 1145 523 1218 legiones,
544 1149 677 1205 vastatum
702 1143 821 1213 ltaliam,
841 1147 904 1222 capi
929 1149 993 1208 crim

89 1223 244 1282 ‘maxime
257 1225 359 1280 urbem
380 1240 477 1278 omnes
499 1221 642 1278 exercitus
664 1219 722 1276 suis
746 1239 887 1296 quemque
909 1225 992 1284 mltis

90 1300 242 1358 ‘detineri
259 1322 266 1356 :
285 1299 311 1358 si
335 1301 423 1373 Alpes
447 1297 762 1373 praesidiumue,
785 1300 887 1357 coeliti
907 1301 992 1366 liber·

91 1385 190 1446 ‘tate
203 1377 381 1452 dispecturas
402 1375 519 1445 Gallias,
534 1394 619 1452 quem
639 1376 743 1434 virium
762 1393 877 1452 suspen
897 1378 992 1436 termi-

91 1463 187 1515 ‘num
200 1455 310 1512 velint’
403 1463 406 1468 ’

131 1532 211 1594 LVl.
235 1525 326 1590 Ἠώς
348 1532 422 1590 dicta
441 1531 560 1608 pariter,
581 1532 755 1608 probataque
772 1543 785 1589 τ’
802 1532 838 1590 de
863 1531 992 1610 reliqniis
1103 1573 1104 1578 κ

90 1609 240 1671 Vitelliani
266 1611 408 1668 exercitis
433 1609 610 1669 dubitavere.
672 1610 806 1688 Plerique
833 1611 991 1670 ‘interfici-

91 1698 100 1722 ‘
117 1689 219 1746 endos’
243 1689 408 1756 censebant,
433 1688 594 1758 ‘turbidum
608 1687 719 1757 infidos,
733 1688 866 1763 sangnine
889 1689 992 1748 ducum

92 1775 99 1802 ⁶
116 1767 264 1842 pollutos.’
305 1764 382 1825 Vicit
392 1765 463 1823 ratio
474 1767 631 1841 parcendi:
647 1766 814 1836 negsublatt
826 1784 878 1842 spe
887 1768 991 1838 venie,

92 1843 303 1920 ‘pertinaciam
317 1843 531 1908 accenderentl
572 1844 744 1904 Alliciendos
765 1844 857 1918 potius
876 1843 905 1900 iu
918 1846 990 1902 soci·

93 1929 100 1956 ‘
117 1927 248 1978 etatem:
270 1921 368 1996 legatis
387 1920 492 1978 tantum
512 1921 654 1994 legionum
676 1917 844 1988 interfectis,
864 1927 993 1980 ceterum
1103 1977 1104 1998 ,

93 2007 101 2039 ⁴
119 1999 232 2072 vulgus,
246 1999 419 2056 conscientie
438 1999 590 2066 scelerum,
604 2002 634 2052 et
642 2015 693 2070 spe
713 1995 898 2071 impunitatis,
908 1996 992 2054 facile

93 2077 322 2136 ‘accessurum’
365 2075 406 2132 Eu
426 2075 510 2150 primi
530 2073 640 2144 consilii
656 2073 768 2133 forma:
791 2071 926 2147 missique
935 2092 994 2148 per

91 2153 201 2212 Gallias
222 2154 380 2215 concitores
402 2153 480 2210 belli.
536 2153 699 2218 Simulatum
720 2151 793 2228 ipsis.
813 2151 992 2226 obsequium,

94 2235 155 2312 qub
167 2229 512 2303 incautiorem'Voculam
532 2231 737 2306 opprimerent.
779 2227 842 2284 Nec
860 2227 992 2300 defuere,

94 2311 144 2386 qui
165 2306 284 2366 Voculae
304 2309 473 2368 nuntiarent.
515 2309 570 2366 Sed
584 2307 660 2366 sires
675 2307 709 2364 ad
722 2305 912 2367 coercendum
924 2308 992 2366 dee·

94 2395 170 2456 rent,
184 2385 410 2464 infrequentibus
428 2385 577 2462 infidisque
599 2385 765 2460 legionibus.
808 2385 887 2446 Inter
905 2387 991 2444 ambi-

92 2483 165 2540 guos
188 2465 301 2534 milites,
323 2470 352 2520 et
376 2466 501 2528 occultos
521 2465 628 2531 hostes,
642 2464 779 2538 optimum
805 2481 821 2519 e
843 2465 991 2538 presenti-

93 2545 148 2600 bus
163 2539 250 2611 ratus,¹
264 2542 360 2599 mutue
379 2541 609 2608 dissimulatione,
624 2548 653 2596 et
672 2541 782 2609 iisdem,
796 2539 898 2612 quibus
910 2548 992 2618 pete-

93 2622 189 2688 batur,
204 2620 310 2676 artibus
333 2619 464 2694 grassari,
479 2618 508 2673 in
523 2617 662 2690 coloniam
684 2617 923 2690 Agrippinensem
943 2615 992 2672 de·

94 2697 214 2756 scendit.
256 2698 327 2754 llluc
349 2695 483 2754 Claudius
507 2691 614 2757 Labeo,
629 2709 715 2768 quem
734 2697 847 2764 captum
868 2698 897 2748 et
909 2699 993 2755 extra

93 2775 283 2840 conventinus
309 2773 482 2836 amandatum
507 2769 536 2824 in
560 2767 666 2826 Frisios
692 2767 824 2833 diximus,
851 2767 993 2842 corruptis

94 2853 258 2910 custodibus
278 2850 403 2928 perfugit
419 2873 426 2906 :
449 2845 659 2932 pollicitusque,
673 2846 717 2902 ‘si
736 2842 898 2931 presidium
912 2845 993 2902 dare-

95 2941 103 2964 ‘
120 2939 178 2999 tur,
197 2930 302 2986 iturum
328 2931 365 2986 in
380 2927 511 2994 Batavos,
531 2931 560 2981 et
578 2929 719 2997 potiorem
742 2926 861 2988 murtetis
883 2928 995 2996 partem

95 3005 159 3070 ‘'ad
176 3007 340 3078 societatem
361 3003 514 3062 Romanam
534 2999 725 3058 retracturum
741 3000 760 3056 τ’
781 3001 898 3075 accepte
912 2999 992 3073 pedi-

94 3093 156 3144 tum
189 3085 372 3160 equitumque
407 3081 517 3139 moslicb
548 3097 642 3148 manu,
668 3077 739 3137 nibil
764 3076 845 3151 upud
871 3076 998 3134 Batavos

993 3205 997 3232 f

131 3259 145 3312 1
166 3256 352 3312 Pertinacius}
361 3256 540 3310 accenderent.
577 3250 622 3306 Ite
633 3249 709 3332 qur.
722 3249 837 3326 Regius,
849 3261 878 3304 et
889 3248 994 3318 Rycki-
1036 3309 1038 3322 ἱ

23 3329 24 3334 ’
96 3344 178 3395 snus,
197 3324 282 3397 quod,
301 3339 331 3381 ut
350 3327 460 3380 mollius
480 3323 594 3391 vulgato
611 3319 763 3392 penanuoio
784 3321 994 3388 accenderentur,

94 3398 221 3459 Ernesto
235 3409 389 3466 receptum.
556 3441 568 3450 ,
867 3461 872 3470 .

130 3469 256 3525 Metro
268 3474 432 3522 convent-nn.
469 3465 535 3519 Seil.
548 3465 685 3519 socialem
695 3479 801 3532 eorum,
814 3465 861 3533 qui
873 3477 952 3520 arms
962 3462 993 3516 in

100 3539 244 3608 Romanos
252 3541 416 3609 junxerunt,
428 3535 555 3592 dicimus.
592 3536 685 3605 Supte
699 3535 740 3592 18.
