2252 3958
145 273 182 334 aa
365 210 734 324 ''o.couu.rncnn
841 275 962 314 r„u.e
982 257 1044 316 aa.
1106 319 1107 326 Ν

147 414 381 494 adpmtorianos
407 410 558 484 serenum,
581 408 670 466 variis
692 406 798 464 artibus
821 403 971 478 adgressus
984 413 1046 462 est:

151 495 242 553 donec
256 493 380 559 Sisenna,
404 489 476 545 clam
499 486 600 544 relictd
613 485 714 554 insula,
735 482 862 557 trepidus
876 489 907 548 et
919 483 979 539 vim
989 501 1046 540 me-

152 579 235 632 tuens
248 568 414 641 aufugeret:
430 565 495 625 inde
508 565 563 622 late
577 570 683 630 terror,
697 561 791 618 multis
805 559 839 615 ud
850 559 1050 625 celebritatem

147 649 271 715 nominis
286 644 401 712 erectis,
416 636 513 699 rerum
532 653 669 712 novarum
691 637 838 712 cupidine,
852 644 882 694 et
894 636 962 701 odio
976 654 1047 712 pre·

152 725 283 785 sentium.
408 757 412 764 ·
521 723 523 728 ’

144 853 147 859 ,
189 801 245 858 lX.
266 798 442 858 Gliscentem
468 795 497 852 in
516 794 576 852 dies
595 792 697 850 samam
710 792 769 849 fors
782 790 923 856 discussit.
966 790 1047 847 Gala·

155 880 221 941 timu
233 895 266 933 ac
278 874 471 950 Pamphyliam
485 871 656 946 provincias,
671 868 826 942 Calpurnio
840 867 993 942 Asprenati
1006 886 1047 924 re-

155 954 259 1029 gendas
277 953 368 1018 Galba
386 949 575 1026 permiserat:
598 947 670 1004 dntae
685 965 701 1002 e
714 947 807 1002 classe¹
815 943 974 1002 Misenensi
987 944 1046 1000 due

156 1032 287 1089 triremes
302 1030 336 1086 ad
350 1025 591 1104 prosequendum,
613 1041 679 1080 curu
688 1023 790 1098 quibus
801 1021 963 1100 ¹'Cythnum
977 1021 1047 1076 insu·
1114 1051 1115 1070 1

156 1109 213 1168 lau
226 1107 324 1166 tenuit.
343 1104 422 1174 ¹Nec
436 1101 568 1169 defuere,
582 1101 631 1176 qui
651 1100 833 1158 trierarchos·
850 1095 972 1156 nomine'
991 1096 1047 1154 Ne·
1115 1155 1116 1158 ,

143 1186 234 1244 *mois
260 1185 384 1242 accirent
397 1203 413 1238 ε·
426 1179 493 1238 isin
515 1177 673 1236 mestitiam
693 1176 875 1251 compesitus,
898 1183 929 1234 et
948 1175 1051 1233 ‘tidem
1115 1193 1116 1196 ’

157 1273 165 1299 ⁴
182 1279 297 1320 suorum
311 1259 450 1341 quondam
468 1257 596 1314 militum'
617 1256 761 1325 invocans,
776 1263 783 1288 ⁴
797 1261 902 1311 uteum
915 1254 944 1310 in
959 1253 1050 1328 Syrie,

158 1351 166 1375 ⁶
181 1347 228 1398 aut
239 1341 363 1416 AEgypto
372 1336 514 1394 sistereut'
524 1335 631 1390 orabat.
644 1341 661 1368 ·‘
672 1332 841 1389 Trierarchi
850 1338 993 1398 nutantes,
1003 1349 1051 1388 seu

81 1477 84 1482 ,
159 1428 166 1452 ⁴
183 1418 260 1485 dolo,
281 1413 471 1488 adloquendos
497 1408 551 1468 sibi
564 1411 678 1476 milites,
698 1416 727 1466 et
740 1409 843 1483 paratis
857 1408 984 1488 Quium
997 1408 1051 1464 aui·

159 1503 167 1530 ⁶
182 1495 235 1552 mis
249 1490 426 1550 reversuros'
448 1487 641 1544 firmaverunt.
671 1487 727 1544 Sed
741 1485 892 1561 Asprenati
905 1492 1010 1542 cuncta
1019 1503 1052 1542 er

160 1569 218 1626 lide
232 1559 372 1624 nuntiata:
393 1565 475 1640 cujus
498 1565 692 1622 cohortatione
706 1570 863 1638 expugnata
875 1563 956 1620 navis
971 1571 1002 1620 et
1013 1563 1051 1619 in-

138 1643 296 1725 ‚tersoriis
320 1643 446 1718 quisquis
458 1641 508 1698 ille
523 1649 593 1702 erat.
634 1639 869 1717 Corpus-insigne
882 1640 986 1708 oculis,
1007 1658 1051 1698 cc·

158 1722 260 1798 indque
274 1721 442 1780 ettorvitate
470 1719 574 1789 vultus,
586 1720 617 1781 in
629 1720 735 1788 Asiam,
759 1713 923 1794 atque·inde
935 1715 1054 1776 Romam

160 1805 327 1874 pervectum
340 1804 394 1855 esti
517 1861 520 1868 ¹
697 1799 709 1858 ,⁸

169 1933 173 1942 ,
199 1875 235 1932 Χ.
256 1876 289 1932 ln
303 1875 417 1933 civitate
430 1874 566 1943 discordi,
579 1881 619 1943 et,
630 1876 667 1930 ob
675 1875 794 1946 crebras
805 1873 971 1949 Principum
994 1893 1053 1932 mu-

160 1951 289 2021 tationes,
303 1953 377 2010 inter
390 1951 592 2028 libertaternac
601 1951 742 2010 licentiam
756 1941 863 2030 incerta
874 1969 1053 2028 parvae-quo-
1113 1971 1118 2059 p

158 2050 216 2107 que
230 2049 277 2088 res
291 2030 395 2106 maguis
407 2030 527 2087 motibus
545 2030 707 2103 agebantur.
749 2027 849 2086 Vibius
858 2028 1053 2104 Crispus‚.pa
1116 2077 1119 2139 p

158 2110 251 2178 cunia,
266 2109 391 2184 potentia
416 2107 528 2181 ingenio
551 2107 626 2173 inter
639 2108 729 2164 claros
752 2106 849 2180 magis,
872 2107 957 2182 quam
981 2107 1054 2164 inter

159 2188 259 2254 bonae,
279 2187 400 2247 Annium
414 2183 559 2252 Faustum,
578 2183 719 2258 equestris
745 2183 861 2251 ordinis,
875 2184 930 2259 qui.
944 2190 1053 2258 tempo·
1119 2195 1120 2224 ³

160 2263 238 2320 ribus
268 2259 392 2320 Neronis
415 2261 572 2326 delationes
595 2259 781 2329 factitarerat,
805 2262 840 2330 ad
866 2261 1055 2333 cognitionem
1116 2246 1121 2296 ⁸

159 2339 270 2396 senatds
293 2340 422 2418 vocabat.
463 2336 536 2392 Nam
558 2339 668 2406 recens,
682 2337 967 2414 Galbaeprincipatu,
983 2356 1054 2396 cen-

159 2421 274 2472 suerant
287 2421 391 2488 patres,
406 2423 413 2447 ‘
426 2420 457 2470 ut
468 2420 661 2472 accusatorum
671 2435 764 2473 causas
779 2417 988 2474 noscerentur.'
1024 2417 1056 2474 ld
1121 2441 1122 2450 ¹

159 2491 441 2558 senatusconsultum,
463 2491 541 2548 varie
554 2493 708 2566 ¹jactatum,
722 2501 760 2561 et,
776 2491 861 2566 prout
874 2502 986 2569 potens,
1007 2495 1055 2551 vel

50 2631 54 2636 ,
159 2569 241 2644 inops
268 2587 335 2626 reus
357 2567 504 2637 inciderat,
531 2569 671 2643 infirmum
693 2578 740 2627 aut
753 2571 887 2639 validum,
914 2571 1054 2628 retineba-

159 2653 216 2704 tur.
248 2647 291 2704 Ad
306 2647 368 2704 hae‘c
381 2645 495 2704 terro‘re
506 2655 535 2704 et
555 2648 672 2722 propria
690 2648 732 2706 vil
749 2647 867 2722 Crispus
878 2649 1054 2718 incubuerat,

159 2724 315 2783 delatorem
335 2723 428 2782 fratris
450 2725 494 2782 sui
518 2733 711 2800 pervertere:
733 2717 915 2804 traxeratque
929 2745 1056 2800 magnam

160 2805 269 2860 scuatds
290 2810 410 2878 partem,
425 2809 474 2858 ‘ut
499 2801 676 2859 indefensum
699 2811 728 2859 et
754 2801 906 2859 inauditum
932 2803 999 2862 dedi
1023 2805 1059 2861 ad

154 2887 168 2952 ξ
184 2879 311 2937 exitium’·
324 2881 507 2953 postularent.
530 2877 638 2936 Contra
652 2881 725 2955 apud
739 2881 808 2936 alios
822 2881 892 2936 nihil
907 2881 989 2956 aeque
1004 2899 1056 2938 reo

160 2953 305 3026 proderat,
333 2957 415 3028 quam
426 2955 646 3030 nimiapotentia
660 2958 830 3014 accusatoris
842 2979 859 3014 ς·
872 2966 880 2992 ‘
895 2957 956 3014 dari
982 2964 1054 3015 tem-

161 3037 168 3059 ⁶
185 3045 248 3102 pus,
269 3031 315 3086 edi
328 3031 456 3100 crimina,
483 3033 609 3108 quamvis
622 3033 745 3092 invisum
753 3052 787 3091 nc
800 3041 962 3103 nocentem,
974 3052 1056 3093 more

160 3229 1056 3334 mmmmmafflamfflmfflmms

149 3329 465 3399 ,etllegiuslrobentod
490 3333 678 3388 auctmorir:
697 3339 772 3390 undo
784 3353 841 3390 non
857 3337 930 3389 mele
944 3335 1056 3388 Grono-

159 3397 228 3460 vius,
240 3401 275 3452 od
283 3401 353 3452 tuor
364 3406 497 3466 terrorem,
509 3403 527 3454 i.
539 3419 564 3454 a.
581 3420 666 3472 super
675 3405 732 3458 hoc
740 3407 1001 3459 rsrmwlamcnturn
1012 3421 1057 3457 se-

158 3471 366 3544 natusconsulti,
374 3469 486 3540 propria
494 3469 530 3537 ui,
542 3487 593 3526 seu
605 3473 826 3542 eloquentiane
836 3486 864 3529 et
873 3475 964 3545 gratia
979 3471 1058 3527 0ιὺ-
1109 3491 1116 3502 ·

151 3533 388 3600 pantomimi.
753 3559 758 3564 ·
778 3555 780 3560 ’
869 3571 873 3578 ·
1001 3557 1006 3564 “
