2252 3958
113 297 136 336 r.
155 292 182 337 c.
200 278 242 336 st.
345 279 498 338 maroa.
517 280 590 338 unt
608 277 760 338 emotus.
962 277 999 340 Ν

114 428 190 486 rium
196 427 298 504 jussit:
320 437 401 506 rapta
411 429 502 488 statim
523 447 607 498 arma,
627 428 688 488 sine
701 443 782 486 more
795 431 827 484 et
838 424 937 484 ordine
949 426 999 484 rui·

113 505 194 574 litias,
214 513 245 564 ut
257 507 453 582 praetorianus,
473 515 520 564 aut
532 506 699 579 legionarius
711 503 864 579 insignibus
876 501 934 560 suis
947 502 1001 560 dis·

113 581 298 656 tingueretur.
350 584 506 642 Miscentur
531 583 719 651 auxiliaribus,
740 582 826 656 galeis
848 579 1001 656 scubsque,

113 659 192 716 nullo
204 659 380 718 tribunorum
388 660 620 718 centurionumve
631 653 806 727 adhortante,
819 659 874 718 sibi
883 658 1002 734 quisque

112 735 182 806 dux,
197 745 225 796 et
237 738 399 812 instigator:
421 744 451 795 et
463 737 638 814 precipuum
647 737 831 812 pessimorum
841 735 1003 793 incitamen·

114 819 185 882 tum,
204 816 280 890 qubd
291 816 359 874 boni
372 815 536 908 regerebant.
845 845 849 854 ·

154 891 290 950 XXXIX.
331 893 394 949 Jam
415 893 566 950 exterritus
583 889 649 950 Piso
666 889 780 950 fremitu
797 889 1004 950 crebrescentis

4 995 5 998 ¹
114 970 271 1037 seditionis,
285 970 438 1026 etvocibus
451 971 588 1026 inurbem
595 969 895 1044 usqueresonantibus,
909 987 1004 1042 egres·

4 2233 5 2238 κ
115 2199 154 2256 tis
170 2199 311 2274 impulsu3
333 2197 480 2274 completis
501 2197 623 2272 undique
639 2195 762 2254 basilicis
776 2215 808 2254 ac
822 2195 944 2272 templis,
966 2198 1008 2254 lu·
1121 2235 1122 2242 κ

116 2276 199 2348 gubri
213 2283 366 2352 prospectu
379 2298 390 2348 ς
408 2294 501 2352 neque
515 2275 624 2352 populi,
638 2282 684 2341 aut
693 2275 784 2352 piebis
794 2274 851 2360 ulla
862 2293 936 2332 vox:
959 2277 1008 2332 sed
1027 2287 1032 2296 ¹
1121 2293 1122 2306 ¹

113 1063 180 1102 sum
202 1047 315 1103 interim
336 1047 466 1112 Galbam,
493 1053 522 1101 et
541 1044 603 1102 foro
624 1046 907 1120 appropinquantem,
929 1061 1004 1102 asse·

115 1129 200 1180 cutus
223 1131 302 1180 erat:
327 1123 386 1196 jam
409 1120 516 1180 Merite
535 1121 636 1178 Celsus
662 1123 735 1178 bend
760 1123 825 1180 laeto
850 1123 985 1182 retulerat
995 1144 1005 1196 ε,

115 1198 182 1258 crim
195 1199 252 1268 alii,
277 1208 285 1233 ‘
299 1200 328 1256 in
341 1199 472 1274 palatium
486 1197 602 1266 redire‚’
616 1197 662 1254 alii
684 1197 871 1272 ‘Capitolium
884 1201 1004 1272 petere,’

112 1275 249 1351 plerique
263 1283 353 1333 rostra
366 1275 529 1350 occupanda
542 1281 703 1343 censerent,
716 1275 814 1350 piures
827 1273 931 1330 tantum
944 1293 1005 1332 seu-

114 1351 210 1411 tentiis
224 1354 342 1410 aliorum
362 1353 598 1421 contradicerent,
619 1359 707 1427 utque
728 1352 824 1408 evenit
844 1350 872 1408 in
886 1351 1007 1410 consiliis

115 1427 285 1496 infelicibus,
300 1429 406 1502 optima
417 1428 593 1498 riderentur,
608 1447 727 1505 quorum
741 1436 852 1504 tempus
861 1426 1006 1502 effugerat.

116 1503 244 1576 Agitasse
258 1503 344 1571 Laco,
364 1505 462 1576 ignaro
474 1507 576 1576 Galbt,
596 1507 632 1564 de
646 1507 800 1564 occidendo
815 1507 853 1564 T.
868 1505 953 1563 Vinio
966 1506 1006 1564 di·

115 1579 202 1650 citur,
225 1581 286 1638 sire
306 1587 337 1636 ut
356 1581 440 1654 poent
459 1581 520 1654 ejus
534 1585 640 1637 animos
653 1583 772 1642 rnilitum
784 1585 937 1653 mulceret,
956 1603 1008 1643 seu

114 1657 261 1716 conscium
274 1657 392 1714 Othonis
401 1656 545 1725 credebat,
559 1657 593 1714 ad
603 1663 777 1732 postremum
785 1661 918 1713 relottio.
940 1661 1007 1720 Hae-

116 1734 274 1792 sitationem
297 1733 393 1792 adtulit
414 1739 525 1808 tempus
549 1753 581 1790 ac
600 1735 690 1801 locus,
717 1733 795 1808 ¹quia,
821 1731 900 1792 initio
921 1731 1008 1792 cedis

113 1818 192 1881 orto,
215 1809 335 1869 difficilis
361 1809 476 1868 modus:
506 1817 535 1868 et
559 1811 713 1868 turbavere
737 1809 885 1867 eonsilium
905 1810 1010 1884 trepidi

116 1889 218 1958 nuntii,
244 1908 276 1946 sc
301 1888 495 1964 proximorum
520 1887 643 1960 diffugia,
666 1888 863 1961 languentibus
885 1887 1008 1958 omnium

116 1966 227 2036 studiis,
250 1966 299 2042 qui
317 1967 410 2043 primb
431 1967 538 2023 alacres
556 1963 642 2022 fidem
655 1971 739 2039 atque
752 1965 875 2022 animum
888 1969 1008 2022 ostenta·

119 2051 230 2177 repant.
260 2121 403 2196 Agebatur
415 2121 470 2178 buc
483 2121 550 2177 illuc
564 2119 666 2186 Galba,
680 2119 759 2176 vario
769 2119 860 2178 turbae
875 2117 1007 2176 fluctuan-

116 2354 226 2410 attoniti
239 2350 343 2424 viribus,
359 2361 395 2412 et·
401 2371 547 2412 conversae
562 2354 596 2410 ad
609 2353 700 2412 omnia
713 2373 815 2412 aures:
838 2371 893 2410 non
906 2354 1008 2410 tumul-

117 2438 174 2500 tus,
195 2450 251 2490 non
271 2433 367 2508 quies:
389 2433 473 2508 quale
489 2432 578 2506 magni
592 2431 682 2492 mettis
696 2439 725 2488 et
737 2451 844 2505 magnas
858 2431 909 2488 irae
923 2431 1007 2490 silen-

117 2508 188 2564 tium
201 2516 253 2566 est.
294 2510 400 2568 Othoni
420 2517 513 2580 tamen
534 2511 653 2566 ‘armari
695 2510 798 2566 lebem'
820 2509 1007 2566 nuntiabatur.

117 2586 166 2644 ire
180 2585 355 2659 praecipites,
375 2592 405 2642 et
422 2590 562 2658 occupare
576 2587 677 2660 pericu
722 2587 815 2658 jubet.
857 2583 945 2656 igitur
957 2585 1006 2640 mi·

115 2663 183 2720 lites
197 2661 326 2725 Romani,
343 2660 422 2734 quasi
435 2659 607 2730 Vologese‘n,
629 2668 676 2715 aut
695 2659 845 2724 Pacorum,
867 2659 941 2715 avito
956 2662 1008 2716 ltr-

114 2735 367 2796 sacidarurnasolio
386 2734 543 2809 depulsuri,
564 2753 596 2790 ac
616 2751 672 2790 non
692 2735 896 2809 imperatorem
917 2753 1008 2804 suum,

115 2816 257 2874 inermem
271 2818 300 2870 et
309 2829 429 2880 senem,
443 2810 585 2869 trucidare
598 2821 762 2888 pergerent,
784 2811 900 2887 disjectt
912 2813 1008 2888 plebe,

116 2892 283 2970 proculcato
296 2897 404 2958 senatu,
418 2897 513 2950 truces
527 2889 621 2959 armis,
636 2889 739 2965 rapidis
753 2889 846 2966 equisl
862 2889 952 2948 forum
967 2893 1008 2950 in-

116 2975 272 3044 rumpunt:
294 2987 348 3026 nec
359 2967 427 3025 illos
448 2965 579 3042 Capitolii
601 2976 741 3044 aspectis,
765 2976 794 3025 et
807 2968 1009 3029 imminentium

4 3098 24 3120 ‚.
115 3049 289 3123 templorum
309 3047 419 3121 religio,
441 3052 471 3115 et
490 3045 601 3120 priores
623 3053 652 3103 et
671 3045 758 3106 futuri
780 3046 927 3121 Principes
949 3055 1007 3104 ter·
1073 3105 1081 3119 ,

4 3133 6 3178 ἕ
118 3144 215 3194 ruere,
230 3123 377 3214 queminus
390 3123 517 3183 facerent
529 3125 632 3192 scelus,
646 3123 725 3200 cujus
739 3125 816 3182 ultor
828 3131 872 3185 est
882 3124 1008 3199 quisquis

4 3255 5 3340 J
59 3333 64 3339 .
113 3212 261 3339 811ῗῖῗὼ
273 3279 342 3338 Viso
364 3279 490 3364 cominus
509 3285 677 3363 armatorum
698 3261 816 3353 agmine,
842 3275 1007 3344 vexillarius

4 3469 7 3510 t

154 3436 173 3488 1'
187 3435 305 3506 Rapidis
316 3437 399 3505 mois.
435 3433 521 3490 Heud
534 3437 628 3504 peullb
640 3435 739 3492 melior
750 3421 1007 3508 scriptme'codicls

117 3505 192 3561 Flor.
204 3515 233 3560 et
244 3505 334 3577 Regii,
346 3503 436 3576 rapidi
446 3505 555 3646 eunome
570 3513 608 3648 2!
686 3543 688 3550 ·
764 3513 795 3524 “·
