2214 3986
1069 41 1071 180 l

138 277 190 334 164
403 268 722 330 accumulem
828 271 1027 336 10u..e.822

139 421 190 482 lite
220 427 250 480 et
282 417 458 497 quibusdam
486 426 649 478 senatorum
672 415 876 494 equitumque;
912 435 1029 492 qnorum

139 499 252 557 nomina
271 497 381 556 tradere
408 497 484 554 haud
506 504 670 572 promptum
689 501 742 562 est,
767 493 902 568 quoniam
925 494 1028 552 victore
1072 497 1073 506 ³

142 575 324 650 Vespasiano,
345 574 424 630 multi
447 573 476 630 id
495 574 629 630 meritum
652 590 721 646 erga
734 578 827 647 partae
850 571 1027 658 simulavere.

142 651 291 710 Subidrunt
313 649 451 707 obsidium
473 650 557 709 etiam
580 649 702 717 femine,
726 649 801 705 inter
821 666 891 723 quau
915 649 1027 706 maximi

140 729 264 802 insignis,
279 725 420 784 Verulana
443 726 593 794 Gracilia,²
606 743 700 800 neque
719 725 837 793 liberos,
850 742 946 800 neque
968 742 1028 798 pro·

141 805 270 881 pinques,
289 802 339 860 sed
352 804 460 860 bellum
473 810 580 860 secuta.
621 801 787 858 Vitellianus
802 801 896 869 miles,
910 801 1028 860 custodiet

140 880 252 938 socordi
285 881 394 937 clausos
428 878 624 947 circumdedit,
650 881 756 953 eoque,
779 879 920 936 concubit
943 885 1028 947 nocte,

139 976 205 1015 euos
228 957 334 1014 liberos
359 957 487 1024 Sabinus,
508 964 538 1014 et
558 955 748 1020 Domitianum
769 953 865 1014 fratria
887 955 1029 1024 filium,in

141 1033 313 1108 Capitolium
326 1035 439 1101 accivit,
452 1034 552 1116 missoss
565 1051 620 1108 per
633 1033 761 1106 neglecta
774 1031 809 1088 ad
823 1031 973 1112 ljlavianos
985 1031 1028 1088 du·

141 1129 190 1168 ces
204 1112 312 1181 nuntio,
327 1112 385 1186 qui,
400 1120 407 1144 ‘
420 1109 614 1170 circumsideri
627 1109 715 1184 ipsos,
728 1116 767 1177 et,
781 1109 817 1166 ni·
823 1109 1029 1177 subveniretur,
1076 1113 1077 1148 ἒ

143 1190 325 1246 ‘arctasres’
341 1190 490 1245 nuntiaret.
513 1186 634 1262 Noctem
648 1187 721 1243 adeo
732 1187 856 1266 quietam
866 1185 934 1260 egit,
948 1195 979 1244 ut
987 1185 1030 1242 de·
1076 1157 1078 1296 A

142 1267 224 1340 gredi
238 1267 300 1323 sine
314 1268 387 1322 noxi
401 1265 542 1341 potuerit:
565 1265 671 1339 quippe
684 1264 765 1320 miles
780 1263 889 1320 Vitellii
904 1263 1030 1322 adversis

143 1344 274 1416 pericula
283 1339 526 1410 ferox,laboribus
535 1349 564 1398 et
572 1341 673 1415 vigiliis
682 1359 783 1415 parum
792 1341 919 1398 intentus
927 1347 999 1398 erat:
1008 1348 1033 1397 et

144 1421 279 1478 hibernus
287 1420 379 1476 imber
388 1421 504 1495 repente
513 1418 700 1487 fusue,oculoe
708 1435 847 1492 auresque
855 1418 1031 1496 inpediebat
1078 1439 1079 1472 l

183 1495 272 1552 Lxx.
314 1497 391 1552 Luce
406 1498 506 1570 prima,
521 1495 649 1564 Sabinus,
663 1502 811 1570 antequam
830 1495 956 1553 invicem
973 1496 1032 1554 hos-

144 1571 202 1628 tilia
221 1579 389 1646 coaptarent,
404 1572 571 1628 Cornelium
591 1572 761 1641 Martialem,
774 1573 790 1628 e
803 1572 1034 1647 primipilaribus,

118 1637 180 1704 'ad
206 1647 350 1704 Vitellium
376 1649 461 1718 misit,
486 1659 574 1706 ‘cum
603 1649 739 1706 mandatio
765 1657 795 1706 et
821 1657 935 1724 questu,
963 1651 1033 1726 quod

145 1733 152 1756 ⁶
168 1733 249 1800 pacta
262 1726 452 1782 turbarentur.
495 1727 707 1783 simulationem
720 1745 835 1801 prorsus
847 1733 876 1783 et
889 1727 1030 1802 imaginem

144 1802 327 1877 ‘deponendi
347 1803 458 1878 imperii
482 1803 580 1871 foisse,
594 1804 629 1860 ad
648 1803 830 1879 decipiendos
850 1810 891 1860 tot
905 1805 1033 1864 inlustres

145 1887 152 1912 ⁴
169 1880 271 1937 uiroc.¹
297 1878 358 1936 Cur
379 1882 453 1938 enim
474 1901 491 1937 e
512 1881 610 1939 rostris
631 1880 726 1938 fratris
746 1882 870 1949 domum,
890 1882 1033 1940 imminen-

146 1964 225 2014 ‘tem
246 1956 319 2025 foro,
342 1964 370 2014 et
393 1958 536 2016 inritandis
558 1959 702 2016 hominum
717 1959 822 2027 oculis,
841 1960 926 2034 quim
944 1962 1038 2028 Auen·⁴

145 2043 153 2098 ξ
169 2035 257 2092 tinum
270 2042 299 2092 et
311 2042 428 2110 penates
443 2038 538 2108 uxoris
552 2036 691 2111 petisset?
730 2037 775 2094 lta
794 2036 915 2111 privato,
931 2046 960 2095 et
980 2058 1032 2096 om-

146 2122 153 2144 ‘
169 2132 235 2170 nem
257 2112 427 2188 principatds
450 2115 577 2188 speciem
596 2114 705 2182 vitanti,
724 2114 891 2171 convenisse
909 2136 917 2185 ;
940 2118 1035 2174 contri

146 2198 153 2222 ‘
170 2189 316 2245 Vitellium
339 2190 368 2245 in
388 2192 531 2262 palatium,
545 2192 573 2246 in
587 2191 675 2266 ipsam
688 2191 801 2266 imperii
814 2209 911 2250 arcem
923 2211 1031 2267 regres·
1082 2253 1083 2262 ,

146 2273 238 2320 ‘eum
281 2265 349 2319 lude
371 2275 505 2322 armatum
529 2287 627 2340 agmen
646 2269 797 2340 emissum3
819 2275 935 2326 stratam
957 2271 1031 2346 inno·
1081 2281 1083 2314 ἐ

144 2337 290 2396 ‘centium
309 2341 433 2398 cedibus
453 2345 671 2424 celeberrimam
684 2347 761 2402 urbis
778 2352 886 2421 partem
903 2368 910 2403 z
933 2365 970 2404 ne
985 2345 1032 2404 Ca·

138 2553 144 2558 ·
179 2536 193 2588 1
213 2534 314 2590 Incedit
333 2535 423 2602 milite,
442 2543 466 2591 el
484 2539 651 2609 quibusdam,
669 2543 715 2608 &a
734 2545 752 2597 i.
765 2560 789 2596 e.
803 2547 954 2614 occupavit
972 2563 1032 2600 cum

142 2607 361 2730 driffddzlimlta
379 2610 583 2734 οηῐᾳῠΕὲηθειο
593 2614 930 2740 ῧθάἰωυρτῖνιῗςαῑὲ
939 2616 1035 2740 igaedit

341 2695 371 2730 cu
405 2697 555 2735 oausam.
619 2699 699 2736 oxm
772 2702 887 2738 oasa
931 2701 1026 2740 uena

144 2745 236 2800 Guols.
257 2757 286 2800 et
304 2749 366 2802 edd.
427 2751 516 2805 roaldi
535 2763 563 2804 et
582 2751 736 2805 Rhenani'
757 2754 840 2808 Hanc
858 2751 981 2810 restituit
994 2723 1034 2808 ΡίΞ

143 2817 235 2868 cheno
246 2832 263 2869 e
275 2816 349 2871 Flor.
362 2829 390 2870 et
402 2820 509 2872 militem
522 2820 631 2888 mimum
644 2833 724 2890 putat
736 2840 798 2878 osee
811 2825 961 2879 confusam
973 2841 1034 2879 cum

140 2886 223 2955 plebe
235 2887 350 2950 urbana,
363 2887 481 2960 feminis,
494 2893 590 2943 servis.
626 2892 664 2944 At
674 2908 759 2959 quum
768 2894 846 2960 plebe
856 2906 885 2948 et
896 2897 972 2950 servi
981 2911 1034 2948 non

142 2955 197 3007 siut
210 2956 318 3019 milites,
330 2957 430 3009 horum
444 2966 527 3011 coust
537 2959 634 3012 miciaco
648 2960 723 3014 mileo
735 2963 790 3016 dici
802 2979 857 3016 uon
870 2976 973 3032 potest.

176 3024 194 3076 2
217 3019 351 3077 Verulana
377 3027 499 3080 Gratilla.
535 3029 580 3082 Ita
602 3029 691 3083 Plinio
713 3043 830 3086 vocatur
851 3032 944 3102 Epist.
956 3035 983 3098 3,
996 3035 1036 3088 11.

142 3091 265 3216 edrddda
286 3105 314 3146 et
336 3094 499 3162 Ryckianue
519 3099 644 3154 scribunt
669 3099 795 3155 Gratilla.
831 3101 924 3174 Vulgo
943 3105 1033 3160 editur

140 3269 143 3278 .
175 3232 193 3284 3
210 3202 399 3301 quue-uuor
417 3233 510 3289 liberor
529 3237 714 3293 Sabiona-iu
736 3240 901 3312 Capitolium
921 3241 1034 3298 accivit.-

140 3299 286 3363 mlroodfc.
323 3301 422 3370 Vulgo,
441 3309 469 3355 at
489 3306 616 3371 Solinus,
636 3307 725 3376 minuo,
745 3311 791 3376 isc.
828 3313 885 3365 Sed
907 3313 951 3366 hoo
974 3314 1033 3366 duae

141 3379 225 3416 voces
242 3383 299 3420 non
318 3371 445 3424 visuntur
457 3374 485 3424 in
498 3375 572 3426 Flor.
586 3389 614 3429 et
626 3377 732 3445 Regio,
749 3397 803 3434 nec
816 3383 918 3434 mirum
932 3394 976 3436 est
994 3383 1032 3434 lo·

141 3441 206 3536 eum
226 3445 297 3510 «περι
310 3435 445 3503 luxatum,
466 3441 502 3492 ob
526 3443 603 3496 illam
622 3446 740 3500 duarum
761 3450 850 3502 ferme
866 3441 1035 3522 minarum

153 3501 391 3566 rwspouuonem,
403 3507 438 3558 de
452 3523 509 3574 quo
520 3515 681 3568 monuimus
693 3521 778 3586 cupre
789 3519 832 3574 65.
932 3571 935 3580 .
