2214 3986
134 274 186 378 rso
312 277 314 284 ’
399 315 432 374 c.
450 313 564 373 oonn.
582 297 739 374 raom*
785 265 794 332 J
822 331 852 372 A·
868 329 898 372 s.
917 321 943 371 s.
962 310 1026 374 sat.

136 465 310 534 contumacia
335 464 469 526 adversus
495 465 669 544 Principem,
716 461 786 522 Viso
812 463 915 533 milite,
936 464 1028 540 quies.

136 545 174 604 Et
191 545 343 602 minoribus
363 543 481 600 coloniis
502 543 676 618 impunitas:
707 539 924 616 Capuae,*'legio
946 542 1031 613 tertia

136 615 277 684 hiemandi
302 621 384 680 comt
409 621 529 688 locatur,
556 627 585 676 et
604 620 703 686 domus
725 619 857 676 inlustres
881 617 1029 690 adflicte,;

136 701 199 758 oiim
210 698 308 756 cobtra
321 696 543 754 Tarracinenses
556 697 632 754 ntrlla
645 714 700 771 ope
707 696 889 772 juvarentur.
932 694 1032 753 Tantis

136 775 288 851 proclivius
301 780 345 831 est
356 773 479 848 injurie,
492 775 577 850 mam
589 773 729 849 beneficio
742 773 836 830 vicem
853 773 1028 830 exsolvere:

136 854 200 927 quia
218 852 307 926 gratia
326 852 417 919 ouen,
431 852 500 907 ultio
520 851 548 907 in
563 857 671 925 quaestu
685 850 815 907 babetur.
855 849 968 906 Solatio
981 849 1033 907 suit

134 946 234 998 seryus
260 927 388 1002 Verginii
409 927 565 1002 Capitonis,
589 940 674 1002 quem
697 927 872 1001 proditorem
895 926 1032 984 Tarraci-

135 1005 263 1062 nensium
294 1005 426 1074 diximus,
451 1005 575 1079 patibulo
609 1003 716 1080 adfixus
742 1004 771 1060 in
800 1003 902 1064 iisdem
928 1005 1031 1074 anulis,

136 1101 205 1156 quos
227 1087 358 1156 acceptos
381 1101 397 1138 a
419 1081 535 1138 Vitellio
557 1083 690 1156 gestabat.
731 1082 768 1138 At
794 1079 893 1138 Romae
917 1090 1032 1140 senatus

136 1166 236 1218 cuncta
258 1158 436 1233 Principibus
450 1159 537 1215 'solita
556 1158 731 1232 Vespasiano
750 1158 890 1228 decernit,
904 1159 993 1216 laetus
1007 1166 1034 1216 et

119 1238 198 1312 'spei
221 1244 336 1294 certus:
359 1237 465 1312 quippe
487 1243 596 1309 sumpta
616 1254 670 1310 per
692 1235 797 1293 Gallias
819 1235 1032 1312 Hispaniasque
1083 1289 1085 1306 ,

135 1313 232 1372 civilia
246 1333 333 1382 arma
346 1315 427 1372 motis
448 1312 482 1370 ad
503 1313 610 1369 bellum
630 1311 791 1380 Germanis,
809 1331 884 1381 mox,
901 1313 1033 1390 illyrico,

138 1400 286 1468 postquam
314 1390 477 1465 AEgyptum,
503 1389 641 1459 Judaeum,
669 1389 846 1465 Syriamque,
872 1396 917 1468 et„
933 1409 1033 1462 omnes

98 1509 102 1516 1
138 1467 297 1542 provincias
329 1467 528 1540 exercitusque
560 1467 771 1546 lustrqverantl
805 1467 885 1536 velut
918 1467 1033 1544 expiato

137 1551 277 1601 terrarum
303 1544 384 1611 orbe,
407 1543 518 1617 cepisse
544 1543 631 1601 finem
656 1543 833 1604 videbantur.
885 1543 1033 1602 Addidere

138 1621 310 1688 alacritatem
331 1613 505 1694 Vespasiani
518 1621 620 1689 literas,
641 1628 779 1696 tamquam
800 1628 931 1679 manente
956 1623 1034 1680 bello

137 1697 273 1772 scripte:
296 1715 341 1766 ea,
356 1699 447 1772 primi
468 1698 577 1774 specie,
600 1697 692 1755 forma
705 1698 729 1755 :²
745 1697 875 1754 ‘ceterum
896 1705 932 1764 ut,
952 1698 1034 1757 Prin·

137 1793 205 1850 ceps
226 1770 511 1850 loquebatur,·civilia
531 1775 567 1832 de
587 1794 631 1844 se,
652 1784 683 1833 et
703 1776 868 1850 reipublice
895 1778 1031 1852 egregia:

138 1871 191 1909 neo
210 1853 319 1909 senatlls
343 1853 509 1927 obsequium
529 1853 637 1911 deerat.
679 1853 766 1928 Ipsi.‘
781 1845 955 1910 consiliatus·
970 1873 1034 1912 cum

138 1931 229 1988 ‘Tito
249 1929 318 2000 filio,
332 1939 457 2006 practura
475 1931 633 1988 Domitiano
653 1938 683 1988 et
701 1931 849 1988 consulare
867 1931 1031 2006 imperium’

138 2008 336 2068 decernuntur.
429 2068 431 2072 ,
514 2057 517 2074 ,
680 2047 701 2058 ·=
877 2031 885 2035 ·
931 2029 940 2042 ‘

177 2086 227 2144 lV.
269 2086 385 2162 Miserat
408 2094 437 2144 et
454 2085 601 2145 Mucianus
621 2087 756 2162 epistolas
768 2087 801 2144 ad
814 2093 954 2157 senatum,
969 2107 1032 2164 quse

137 2164 281 2220 materiam
306 2165 481 2236 sermonibus
507 2167 682 2240 praebuere:
713 2165 767 2221 ‘Si
791 2165 917 2240 privatus
945 2173 1030 2234 esset,

138 2248 213 2317 ‘tour
220 2239 341 2312 publice
352 2242 519 2314 loqueretur
530 2242 565 2299 tu
577 2243 701 2316 potuisse
721 2243 829 2318 eadem,
843 2261 952 2316 paucos
968 2251 1031 2318 post

136 2313 231 2380 ‘dise
245 2316 309 2370 loco
331 2318 476 2393 sententiae
497 2319 553 2374 dici
570 2321 589 2375 :'
616 2321 677 2394 ipsa
698 2337 811 2396 quoque
833 2319 982 2377 insectatio
1002 2321 1031 2377 in

52 2412 54 2420 ⁴
138 2386 291 2460 Vitellium,
305 2392 400 2461 seras
408 2400 436 2450 et
457 2393 517 2450 sine
540 2396 680 2454 libertate.
722 2397 755 2454 ld
775 2399 848 2454 veri)
866 2413 936 2472 erga
956 2416 1029 2456 rem·

173 2549 188 2603 1
206 2547 573 2618 Postquam-anstrannum.
610 2552 761 2622 Postquam
773 2548 822 2608 illa
833 2546 974 2609 armaAE'
998 2570 1029 2622 p·

138 2630 261 2672 tum-et
273 2636 371 2680 omnes
383 2623 542 2690 provincias
548 2625 746 2692 exercitusque
759 2625 839 2693 quasi
847 2625 955 2678 lustran
976 2633 1029 2678 oet

138 2689 277 2757 expiando
288 2702 441 2760 pervagata
457 2691 577 2755 fuerant.
838 2740 846 2756 „

171 2757 190 2810 2
207 2759 253 2818 Bo
262 2759 357 2830 patrici
374 2759 459 2830 specie
472 2763 573 2831 somna.
610 2761 719 2832 Nempe
737 2763 889 2826 literarum,
904 2773 937 2816 ut
955 2763 1027 2816 vide-

137 2839 233 2882 rentur
244 2830 353 2896 scripte
366 2843 497 2896 manente
510 2833 591 2897 bello,
601 2831 631 2899 et
643 2834 678 2890 ab
697 2850 731 2885 eo
750 2835 797 2901 qni
815 2833 942 2886 noudum
955 2833 1028 2896 solus

136 2899 252 2966 imperio
264 2901 408 2966 potiretur.
420 2936 424 2942 -
447 2901 567 2956 ueterum
578 2899 745 2973 arpi-inceps
765 2902 926 2970 loquebatur,
938 2901 1028 2956 notu

136 2967 168 3020 de
179 2985 206 3021 se
225 2971 249 3018 et
265 2966 413 3036 reipublice
431 2971 549 3041 egregio,
586 2972 642 3036 Sic.
653 2973 728 3026 enim
749 2973 858 3025 videtur
877 2972 1027 3040 legendum

136 3053 172 3091 ox
184 3036 258 3088 Flor.
271 3047 299 3088 et
311 3037 409 3106 Regio.
445 3041 483 3103 At
502 3042 531 3094 in
552 3043 620 3110 ipsis
637 3041 730 3095 literis
743 3055 887 3109 tamquam
899 3043 1026 3112 princeps

135 3106 310 3188 loquebntur,
322 3123 410 3190 eaque
430 3110 466 3165 de
484 3127 515 3163 se
533 3112 711 3194 praeqliqabat,
724 3127 784 3186 quas
796 3111 896 3192 civilis
906 3122 995 3194 'erant
1004 3115 1027 3162 ct

78 3238 82 3254 ¹
136 3175 421 3314 ttttltt‘tttttt
447 3178 1025 3324 btttttttltltttttttltlntd·

169 3311 412 3390 3Pulliclloquer
456 3334 476 3368 r.
512 3319 558 3371 Ad
565 3319 793 3386 publicumnrbis
802 3319 1023 3376 concilinmsori·

133 3375 201 3426 bere
213 3381 324 3436 vidend
340 3383 507 3440 Ann.2.55.
563 3416 566 3421 ·
923 3417 925 3428 ·

132 3504 153 3540 r
169 3439 188 3489 4
205 3442 384 3540 lmeotcttoia
395 3450 606 3511 Vitalianum.
634 3456 710 3516 Quia
720 3457 1024 3524 dobellotranaaetunu

120 3585 133 3612 l)
