2214 3986
60 321 129 380 zv
152 315 198 371 ll).
285 313 440 370 Hierum
458 310 530 371 ΗΒ.
550 308 740 372 QUARTUS.
907 313 961 370 bot
1067 335 1074 358 ε

67 455 192 523 Diversa
223 461 296 520 sarna
326 462 495 536 Demetrio,
516 462 653 542 Cynicam
685 465 791 542 sectant
819 455 959 534 professo,

61 539 146 614 qubd
176 537 350 602 manifestum
379 549 460 604 renni
486 539 668 608 ambitiosius,
696 539 779 624 quam
804 535 959 606 honestids,

65 609 263 684 defendisset..
292 617 348 692 lpsi
367 613 468 692 Publio
482 639 576 696 neque
589 616 695 678 animm
709 634 737 671 m
750 609 896 690 periculis,
910 632 960 672 ne·
1049 652 1059 670 ,

65 711 126 768 que
146 686 244 750 oratio'
258 695 458 768 suppeditavit.
501 698 584 771 Signo
607 691 719 752 ultionis
740 693 769 750 in
783 698 961 750 accusatores

65 771 143 838 dato,
168 772 239 844 petit
258 791 274 828 a
294 770 410 829 Caesare
432 770 719 840 Junius'Mauricus,¹
744 777 799 827 ‘ut
818 773 960 827 coinmen-
1011 794 1025 819 ι

64 849 230 907 ‘tariorum
247 848 450 924 Principalium
469 857 637 926 potestatem
656 847 764 905 senatui
777 843 898 915 faceret,
907 863 961 922 per

62 931 73 960 ‘
87 943 163 1000 quos
177 931 319 992 nosceret,
333 945 418 1000 quem
431 927 555 1002 quisque·
565 924 749 984 accusandum
762 925 958 1000 poposcisset’
973 979 976 992 ,

55 1011 71 1038 -‘
89 995 366 1063 consulendum'tnlt
379 1021 467 1077 super
481 1021 513 1060 re
528 1003 711 1076 Principem,’
726 1003 879 1076 respondit.

101 1077 184 1134 XLI.
228 1079 354 1152 Senatus,
368 1079 562 1140 inchoantibus
576 1079 756 1154 primoribus,
765 1079 961 1153 jusjurandum

60 1154 213 1228 concepit,
240 1173 297 1229 quo
323 1156 450 1214 certatim
476 1175 572 1214 omnes
598 1154 782 1228 magistratus,
809 1156 908 1224 ceteri,
930 1163 962 1214 ut

9 1281 12 1288 .
60 1232 237 1294 sententiam
250 1233 430 1305 rogabantur,
454 1234 542 1304 ‘deos
556 1233 652 1292 testes’
668 1231 850 1298 advocabant,
872 1233 961 1288 ‘nibil

59 1321 69 1346 ⁴
87 1329 149 1386 ope
157 1310 220 1366 ”sud
240 1306 353 1376 sactum,
368 1328 424 1384 quo
445 1311 609 1386 cujusquam
632 1310 706 1366 salus
729 1308 893 1375 lederetur,
912 1325 960 1364 ne·

60 1401 70 1424 ⁸
88 1405 149 1463 que
169 1404 201 1442 se
221 1387 380 1460 praemium,
394 1384 608 1461 ant'honorem
623 1405 659 1444 ex
680 1386 836 1444 calamitate
859 1383 963 1442 civium

62 1464 206 1538 ‘cepisse
221 1464 239 1521 ι’
271 1463 400 1537 trepidis,
424 1472 453 1522 et
476 1467 565 1522 verba
583 1463 768 1540 jurisjurandi
795 1461 962 1538 pervarias

59 1549 145 1614 artes
156 1540 334 1607 mutantibus,
349 1543 411 1616 quls
424 1541 518 1615 flagitii
531 1541 702 1599 eonscientia
716 1539 814 1596 inerat.
856 1539 961 1596 Proba·
979 1589 986 1603 ,

62 1622 137 1678 bant
159 1615 339 1692 religionem²
359 1625 465 1691 patres,
487 1619 643 1694 perjurium
661 1619 821 1692 arguebant.
863 1617 978 1692 anue.
1048 1677 1050 1682 ,

1 1751 2 1754 ,
61 1696 150 1754 velut
159 1713 290 1762 censura,
301 1695 333 1761 in
347 1695 521 1752 Sariolenum
532 1695 680 1764 Voculam,
694 1703 723 1753 et
734 1694 857 1752 Nonium
868 1695 960 1752 Actia-

62 1791 148 1841 num,
172 1780 201 1828 et
224 1772 351 1830 Cestium
375 1773 513 1830 Severum
535 1773 672 1830 acerrime
695 1774 830 1842 incubuit,
843 1773 960 1830 'crebris

64 1851 145 1927 apud
159 1848 304 1933 Neronem
318 1849 503 1908 delationibus
514 1849 645 1920 famosos.
687 1850 863 1906 Sariolenum
876 1857 905 1907 et
916 1869 960 1906 re·

62 1949 137 1991 cens
160 1927 267 1986 'crimen
291 1928 408 1999 urgebat
429 1927 505 2000 quod
524 1927 597 1999 apud
618 1925 764 1982 Vitellium
781 1928 892 1984 molitus
914 1946 960 1985 ea-

64 2009 135 2064 dem
148 2005 223 2082 foret
237 2025 244 2075 ;
259 2023 320 2076 ‚nec
339 2003 444 2060 destitit
467 2011 578 2060 senatus
601 2021 698 2058 manus
720 2003 856 2059 intentare
867 2003 960 2062 Vocu-

64 2085 117 2152 lae,
143 2083 233 2140 donec
256 2080 525 2139 curidexcederet.
580 2081 622 2136 Ad
647 2078 773 2136 Pactium
789 2079 963 2138 'Africanum

64 2160 247 2234 transgressi,
260 2178 326 2216 eum
350 2176 463 2233 quoqne
483 2161 673 2236 proturbant;
694 2163 833 2231 tamquam
853 2155 963 2214 Neroni

63 2238 232 2296 Scribonios
255 2235 384 2304 fratres,3
410 2236 560 2294 concordis
586 2237 744 2311 opibusque
770 2235 902 2309 insignes,
929 2235 962 2292 ad

66 2316 187 2373 exitium
208 2314 427 2372 monstraviseet.
478 2313 627 2372 Africanus
651 2330 745 2389 neque
771 2311 855 2370 fateri
877 2314 961 2372 aude·

65 2396 127 2462 bat,
142 2409 235 2467 neque
250 2393 374 2449 abnuere
393 2397 521 2464 poterat:
546 2391 575 2450 in
594 2392 707 2450 Vibium
723 2389 866 2466 Crispum,
883 2394 962 2469 cujus
1000 2444 1003 2460 ,

67 2469 335 2542 interrogationibus
353 2467 527 2542 fatigabatur,
542 2473 616 2532 ultro
636 2487 801 2537 conversus,
821 2471 961 2528 miscendo

67 2567 134 2623 quae
156 2546 311 2604 defendere
332 2547 476 2621 nequibat,
490 2550 630 2606 societate
648 2549 740 2622 culpae
762 2545 895 2602 invidiam
913 2546 961 2604 de-

67 2626 195 2685 clinavit.

108 2702 200 2758 XLll.
242 2701 372 2776 Magnam
385 2719 420 2757 eo
433 2700 479 2757 die
498 2701 610 2773 pietatis
624 2698 850 2774 eloquentiaeque
864 2697 964 2758 famam

67 2779 233 2866 Vipstanius
247 2777 372 2838 Messala
385 2777 501 2852 adeptus
517 2785 570 2846 est,
581 2775 704 2864 nondum
717 2776 856 2832 senatoria
871 2783 962 2846 etate,

105 2956 243 3082 &lunius
261 2955 417 3012 ,Mauricus
465 2956 509 3010 De
533 2972 588 3026 quo
611 2951 682 3014 Plin.
706 2953 796 3023 Epist.
822 2955 846 3021 1,
870 2956 911 3010 14.
935 2969 966 3011 et

87 3071 124 3152 ’2
142 3095 296 3152 Probubaut
314 3093 478 3164 religionem.
516 3095 580 3154 Qua
598 3094 656 3148 soil.
668 3094 777 3162 trepide
790 3107 818 3148 et
830 3107 962 3152 cuncten-

68 3182 114 3223 ter
129 3169 262 3237 jurabant
298 3167 334 3218 ed
393 3167 454 3232 ipsa
471 3163 581 3218 illorum
599 3163 783 3232 trepidatione
795 3165 908 3233 perjurii
920 3183 963 3220 ar·
1007 3185 1011 3194 ¹

68 3249 237 3309 gumentum
302 3236 346 3287 ieb
386 3245 405 3287 t.

105 3308 125 3361 3
143 3303 295 3360 Scribonios
307 3305 419 3373 fratrea.
455 3303 500 3357 Ite
519 3303 630 3357 codices
647 3319 713 3356 mss.
731 3312 762 3358 ut
780 3303 853 3354 Ann.
867 3303 908 3356 13.
920 3303 962 3358 48.

69 3395 130 3432 ιιοιι
149 3373 347 3430 Scriboniorum.
384 3373 453 3437 Hos,
465 3392 482 3426 a
493 3373 614 3438 Nerone,
627 3389 713 3441 quum
724 3372 832 3440 utrique
846 3371 963 3430 Germa·

52 3449 126 3506 ,nie
144 3447 245 3512 epdem
262 3454 389 3512 tempore
408 3444 589 3512 prefuissent,
601 3445 748 3498 arcessitos
767 3442 796 3494 in
818 3440 963 3512 Groeoiam,

70 3515 155 3586 utque
167 3516 350 3582 interemptos
362 3513 446 3568 refert
458 3512 512 3567 Dio
525 3515 553 3566 in
566 3514 704 3584 excerptis
715 3511 778 3599 litui
788 3514 831 3568 63.

446 3689 447 3694 ἵ
511 3605 530 3659 S
