2252 3958
121 316 170 378 w
407 313 441 374 0.
459 307 573 372 OORN.
590 306 733 378 ‘raom
831 317 861 360 s.
873 320 902 364 o.
915 299 1017 364 cM·
1117 253 1118 282 ;

123 475 134 511 ‘
148 463 308 545 compositis
316 467 427 536 castris,
435 463 528 521 sorum
536 457 656 526 invadet,
667 463 697 514 et
706 451 938 530 prospectantefl
943 445 1020 518 alst,
1117 461 1118 510 l

36 593 42 599 -
124 547 317 621 ‘Capitolium
340 545 440 602 adeat:
461 541 528 596 dum
540 535 669 610 egregius
690 534 860 606 Imperator,
881 547 945 586 oum
958 527 1019 582 sor·
1117 524 1118 580 ἶ

124 626 220 682 ‘tibus
234 623 339 690 amicis,
349 621 435 697 janui
448 637 480 674 ac
492 615 593 680 limine
602 620 684 668 tenus
698 610 811 667 domum
824 605 921 672 cludit,
942 601 1018 659 obsi·
1117 651 1118 664 ,

123 701 260 759 ‘dionem
279 699 409 758 nimirum
428 696 610 752 toleraturus.
651 687 688 745 Et
701 685 871 762 praeclarum
884 679 1019 737 inservis

123 785 131 812 ‘
146 777 278 835 auxilium
292 797 299 846 ;
321 776 344 831 si
357 788 510 832 consensus
523 775 606 824 tantae
620 762 813 829 multitudinis,
835 766 864 815 et
877 775 939 831 quar
954 756 1019 828 plu·

123 853 247 910 ‘rimam
270 853 355 918 valet,
382 849 473 924 prima
494 839 645 917 indignatio
669 843 840 912 languescat.
892 831 1020 888 Proinde
1117 903 1118 910 ἵ

124 929 131 964 l
147 929 245 996 intuta,
260 945 323 1002 quae
332 927 485 984 indecora:
507 922 566 988 vel,
580 919 604 975 si
615 918 717 982 cadere
728 931 846 971 necesse
857 911 901 978 sit,
916 925 1020 964 occur.

124 1013 132 1040 ‘
148 1003 266 1062 rendum
279 1000 442 1061 discrimini.
484 999 516 1054 ld
530 994 635 1054 Othoni
649 991 823 1054 invidiosius,
838 994 867 1042 et
880 986 948 1060 ipsis
963 985 1016 1042 ho·

124 1081 277 1140 ‘nestum’
320 1080 533 1154 Repugnautem
546 1073 613 1130 huic
633 1063 778 1132 sentehtiae
794 1063 919 1132 Vinium,
940 1062 1019 1121 Laco

123 1158 269 1220 minaciter
281 1157 392 1225 invasit,
415 1154 573 1212 stimulante
594 1149 682 1214 Icelo,
704 1141 810 1218 privati,
821 1140 878 1196 odii
891 1139 1019 1214 pertina-

122 1236 176 1304 cit,
189 1237 218 1294 in
230 1236 376 1312 publicum
389 1233 515 1294 exitium.
762 1289 764 1292 ,

121 1353 142 1397 .'
161 1313 296 1372 XXXIV.
337 1311 401 1372 Nec
424 1307 525 1370 diutiss
548 1305 641 1360 Galba
663 1304 819 1364 cunctatus,
843 1295 1022 1384 speciosipra

122 1393 300 1451 madentibus
323 1389 449 1448 accessit.
491 1381 656 1439 Praemissus
679 1385 772 1434 tamen
792 1375 821 1430 in
834 1383 925 1432 castra
940 1373 1025 1441 Piso,

123 1477 155 1526 ut
163 1469 277 1542 juvenis
290 1485 388 1540 magno
402 1461 525 1527 nomine,
543 1456 652 1514 recenti
666 1453 776 1521 lavore,
798 1458 827 1508 et
839 1450 964 1518 infensus
978 1450 1018 1506 Τ.

124 1543 209 1600 Vinio
223 1563 275 1602 seu
288 1544 355 1618 quia
366 1547 438 1607 erat,
462 1555 514 1593 seu
536 1533 601 1608 quia
623 1531 686 1589 irati
709 1532 748 1587 ita
759 1529 914 1589 volebant:
937 1534 966 1584 et
978 1527 1021 1584 sa-

124 1621 204 1682 cil'uis
217 1621 252 1676 de
267 1620 330 1676 odio
344 1617 479 1676 creditur.
520 1611 578 1668 Vix
590 1609 657 1668 dum
670 1625 784 1682 egresso
800 1607 915 1674 Pisone,
940 1613 951 1640 ⁴
967 1623 1016 1662 oc-

101 1719 106 1725 *
125 1697 238 1754 ‘cisum
250 1696 280 1753 in
304 1693 402 1752 castris
423 1689 586 1757 Othonem
610 1705 696 1760 vagus
717 1685 838 1760 primdm
851 1690 881 1738 et
893 1682 1021 1739 incertus

124 1793 232 1843 rumor,
255 1791 331 1840 mox,
355 1777 385 1828 ut
408 1770 437 1828 in
459 1767 564 1840 magnis
585 1763 748 1830 mendaciis,
775 1750 961 1817 ‘inlerfuisse
975 1777 1021 1828 se,

125 1851 246 1926 qiidam,
271 1857 320 1905 ‘et
340 1847 454 1908 vidisse’
479 1843 670 1908 adfirmabant,
694 1839 811 1896 creduli
833 1837 917 1904 fama,
943 1837 1021 1895 inter

123 1927 286 2001 gaudentes,
308 1933 337 1982 et
349 1923 516 1981 incuriosos.
559 1919 642 1975 Multi
657 1916 864 1973 arbitrabantur
877 1914 1018 1988 composi·

124 2011 184 2063 tum
197 2011 363 2078 auctumque
377 2017 531 2068 rumorem,
552 1996 646 2053 mixtis
655 1994 716 2069 jam
729 1991 906 2059 Othonianis,
921 1991 969 2065 qui
983 1991 1018 2050 ad

124 2083 298 2140 evocandum
311 2080 440 2146 Galbam,
453 2079 517 2134 laeta
529 2074 600 2132 falsd
614 2070 802 2144 vulgaverint.
877 2069 880 2076 '

162 2157 283 2216 XXXV.
325 2155 401 2212 Tum
413 2157 554 2213 veronen
572 2148 693 2224 populus
712 2147 829 2214 tantbm,
848 2152 877 2204 et
889 2146 1021 2220 imperita

124 2237 209 2312 plebs
224 2236 253 2291 in
268 2235 390 2308 plausus,
414 2239 444 2289 et
462 2229 609 2288 immodica
631 2224 804 2292 studia,'='sed
819 2224 945 2298 equitum
957 2225 1020 2298 ple-

125 2313 220 2386 rique,
244 2330 276 2370 ac
289 2317 459 2376 senatorum,
478 2306 570 2380 posito
583 2310 660 2359 metu
673 2301 786 2369 incauti,
800 2299 931 2358 refractis
944 2302 1019 2375 pala·
1117 2323 1118 2326 ¹

125 2389 158 2452 tii
170 2384 290 2458 foribus,
302 2403 387 2446 ruere
400 2383 484 2451 intus,
498 2401 530 2438 ac
543 2399 574 2437 se
583 2380 687 2436 Galbae
701 2384 855 2446 ostentare,
869 2389 877 2412 ⁶
889 2391 1019 2453 praerep·

128 2471 207 2522 ‘tam
227 2463 283 2520 sibi
305 2461 450 2531 ultionem'
474 2464 636 2533 querentes.
678 2455 873 2528 Ignavissimus
888 2455 1018 2530 quisque,

127 2549 167 2610 et,
181 2548 212 2598 ut
225 2559 276 2597 res
286 2538 390 2606 docuit,
413 2537 442 2593 in
456 2535 585 2611 periculo
598 2551 654 2590 non
669 2551 798 2600 ausurae,
820 2532 898 2588 nimii
911 2533 1018 2600 verbis,

18 2639 25 2652 “
112 2619 227 2694 ”lingum
241 2617 353 2674 seroces
366 2635 373 2672 ι
385 2631 472 2678 nemo
485 2612 571 2680 scire,
584 2617 615 2667 et
622 2628 719 2667 omnes
733 2609 881 2668 adfirmare
896 2631 902 2666 :
927 2610 1017 2668 donec

124 2697 221 2772 inopii
234 2695 308 2763 veri,
332 2700 361 2751 et
373 2707 513 2750 consensu
526 2688 680 2746 errantium
692 2686 795 2755 victus,
818 2694 941 2761 sumpto,
956 2689 1017 2744 tho-

98 2829 105 2852 ,
126 2791 203 2842 raca,
212 2773 313 2838 Galba,
323 2769 445 2826 inruenti
455 2766 570 2835 turbae,¹
586 2782 679 2839 neque
690 2770 782 2832 atate,
791 2781 884 2838 neque
895 2783 1020 2839 corpore

98 2853 104 2860 ‘
127 2849 241 2917 sistens,
264 2848 335 2906 sella
346 2847 501 2908 levaretur.
542 2842 662 2907 Obvius,
682 2839 712 2896 in
725 2840 828 2914 palatio
840 2839 933 2898 Julius
947 2843 1019 2900 Atti·

126 2943 176 2985 cus
189 2923 362 2998 speculator,
385 2926 533 2978 cruentum
551 2917 672 2989 gladium
695 2923 847 2985 ostentans,
872 2919 1018 2976 ‘occisum

127 3008 217 3058 ‘ase
238 2997 390 3054 Othonem’
413 2994 590 3052 exclamavit.
632 2991 676 3050 Et
689 2993 789 3062 Galba,
814 2993 1018 3065 ‘Commlito,'

126 3075 227 3151 inquit,
250 3074 333 3148 ‘quis
347 3071 454 3146 jussit?
474 3069 574 3144 insigni
589 3068 681 3126 animo
695 3069 730 3124 ad
743 3072 931 3128 coercendam
945 3072 1019 3130 mili·

126 3161 135 3188 ‘
148 3159 238 3210 tarem
250 3149 401 3217 licentiam,
421 3147 587 3204 minantibus
601 3145 769 3222 intrepidus,
791 3147 926 3206 adversius
940 3150 1018 3221 blan·

124 3235 135 3270 ·‘
149 3229 257 3288 dientes
270 3224 472 3300 incorruptus.'

161 3379 179 3434 1
195 3379 317 3438 amena
327 3380 408 3438 turba
418 3415 425 3434 .
436 3375 573 3451 ..sirena
609 3379 738 3454 Faernus
756 3343 869 3448 lopebat
884 3377 1018 3435 ramma
