2252 3958
4 329 10 340 .
101 299 228 358 aaa.
339 248 801 366 mercamentum..
874 382 880 395 ⁵
969 298 1009 362 ta

102 429 134 490 iri
142 439 260 496 ‘ceteros
273 431 335 508 fait,
348 437 400 496 s'ed
408 441 498 498 mettls
510 439 637 498 ihitiom:
659 448 799 516 inquam
811 425 867 514 per
879 443 968 498 m
977 441 1008 499 et

103 502 282 586 formidinem
296 517 396 592 singuli
410 519 598 592 pellerentur,
612 517 740 576 omnibus
753 516 903 592 suspectis.

144 591 225 650 XXI.
250 593 363 652 Interea
385 594 538 664 Othonem,
560 595 617 664 cui,
639 594 800 672 compositis
815 595 912 664 rebus,
933 591 1008 654 nulla

104 679 183 740 spes,
197 689 279 729 omne
302 673 331 729 in
353 673 465 730 turbido
487 671 644 740 consilium,
660 673 747 730 multa
767 673 849 729 simul
864 671 1007 730 existimu-

104 739 216 806 labant:
244 750 357 808 luxuria
371 751 454 808 etiam
475 749 613 826 principil
627 767 758 818 onerosa,
779 749 874 824 inopia
886 750 935 806 rix
948 749 1009 825 pri·

103 827 338 898 salutatoriam,
352 828 381 885 in
394 827 514 900 Galbam
530 828 582 896 ira,
597 827 626 884 in
640 825 772 885 Pisonem
784 827 898 886 invidia.
940 825 1007 885 Piu-

102 903 192 970 gebat
200 911 229 962 et
241 913 357 974 metum,
373 924 428 981 quo
438 906 524 980 magis
535 905 761 981 concupisceret.
805 903 1008 980 ‘Praegmvem

103 981 155 1037 ‘se
168 979 282 1039 Neroni
294 979 382 1038 fuisse
396 1004 403 1038 ι
418 1001 472 1039 nec
482 982 652 1039 Lusitaniam
663 999 772 1052 rursus,
784 991 812 1040 et
823 983 939 1040 alterius
957 999 1007 1042 ex·

102 1053 181 1114 ‘silii
205 1058 347 1114 honorem
373 1059 597 1134 expectandum:
619 1067 781 1134 suspectum
801 1079 917 1136 semper
935 1061 1006 1118 invi·

5 1164 7 1172 v
103 1135 244 1220 'sumque
258 1134 472 1204 dominantibus,
487 1135 535 1212 qui
548 1135 693 1266 proximus
707 1137 905 1195 destinaretur.
946 1136 1006 1198 No·

103 1211 218 1270 ‘cuisse
229 1211 259 1268 id
274 1212 328 1268 sibl
351 1209 424 1285 apud
437 1228 535 1268 senem
573 1211 730 1288 rincipem:
752 1215 837 1288 magis
851 1216 1009 1276 nociturum

101 1288 197 1366 ‘apud
214 1289 365 1364 juvenem,
378 1287 492 1364 ingenio
505 1297 626 1358 trucem,
641 1296 670 1349 et
689 1291 773 1367 lengo
794 1289 895 1348 exsilio
909 1291 1008 1353 allero·

3 1363 5 1368 ’
101 1367 190 1426 ‘tum
232 1367 333 1428 Occidi
346 1367 489 1424 Othonem
502 1385 606 1442 posse:
630 1367 751 1444 proinde
761 1368 897 1442 agendum
906 1365 1008 1430 auden·

102 1445 255 1522 ‘dumque
277 1446 343 1502 dum
363 1445 462 1502 Galbae
484 1446 633 1505 auctoritas
655 1445 740 1514 fluxa,
755 1445 865 1504 Pisonis
886 1445 1009 1508 nondum

75 1523 281 1583 ·‘coaluissct.
323 1522 509 1598 Opportunos
521 1524 625 1598 magnis
638 1525 782 1583 conatibus
806 1525 937 1583 transitus
961 1543 1007 1584 re·

101 1611 187 1676 ‘rum
197 1603 221 1658 :²
234 1620 288 1658 nec
301 1599 478 1658 cunctatione
493 1619 574 1676 opus,
589 1601 636 1659 nbi
657 1601 845 1677 perniciosior
866 1605 901 1661 sit
915 1604 1006 1680 quies,

102 1687 110 1714 ⁸
124 1681 208 1754 quim
220 1679 373 1736 temeritas.
415 1677 539 1735 Mortem
550 1677 677 1736 omnibus
694 1699 731 1738 ex
744 1683 844 1742 naturt
857 1683 1006 1758 aequalem,

101 1756 265 1814 ‘oblivione
279 1757 352 1832 apud
365 1763 506 1832 posteros,
517 1757 565 1813 vel
578 1757 667 1830 glorid
677 1757 816 1834 distingui.
859 1760 901 1816 Ac
921 1759 945 1817 si
955 1779 1005 1818 no-

101 1840 234 1891 ‘centem
246 1833 482 1912 innocentemque
495 1834 570 1891 idem
584 1835 675 1892 exitus
688 1835 808 1906 maneat,
823 1835 940 1894 acrioris
950 1837 1006 1898 viri

4 1909 8 1920 '
28 1935 31 1942 ⁴
102 1920 196 1980 ‘esse,
210 1912 314 1969 meritis
328 1911 447 1986 perire.’

3 3451 5 3482 i

142 1988 224 2061 XXII
229 2032 236 2047 .
258 1987 324 2046 Non
338 1997 399 2062 erat
412 1989 532 2047 Othonis
545 1989 648 2060 moIIIs,
663 1998 692 2048 el
705 1992 820 2068 corpori
834 1991 931 2050 similis
946 1993 1004 2050 ani·

98 2085 172 2128 mus.
201 2065 237 2126 Et
246 2067 335 2124 intimi
343 2067 511 2124 libertorum
524 2086 730 2144 servorumque
739 2069 910 2143 corruptius,
922 2071 1005 2146 quim

98 2147 129 2210 in
143 2145 253 2220 prIvati
262 2147 356 2215 domo,
371 2145 468 2214 habiti,
483 2146 578 2202 aulum
591 2145 726 2216 Neronis,
741 2148 772 2203 el
790 2145 883 2216 luxus,
897 2146 1003 2204 adulte·

96 2223 157 2296 ria,
177 2223 362 2294 matrimonia,
387 2230 556 2300 ceterasque
580 2242 733 2298 regnorum
756 2221 897 2295 libidines,
921 2225 1003 2286 avid‘o

98 2301 206 2370 talium,
225 2301 249 2358 si
272 2302 401 2371 auderet,
416 2309 447 2358 ut
468 2320 518 2358 sua
541 2309 711 2360 ostentantes
725 2303 749 2374 33
769 2301 937 2378 quiescenti,
959 2311 1002 2364 ut-

98 2379 191 2436 aliena
205 2371 416 2456 exprobabant:
439 2379 600 2454 urgentibus
615 2381 697 2439 etiam
710 2379 922 2451 mathematicis,
936 2381 1003 2440 dum

99 2465 208 2515 ‘novos
234 2465 336 2526 motus,
364 2464 393 2514 et
413 2458 520 2515 clarum
541 2457 649 2517 Othoni
672 2457 783 2528 annum,
803 2459 1002 2520 observatione

98 2534 265 2608 “siderumf
290 2535 452 2594 adfirmant:
484 2539 570 2608 genam
594 2537 747 2604 hominum,
771 2538 933 2610 potentibus
958 2537 1001 2595 in·

96 2611 196 2677 fidum,
210 2611 387 2683 sperantibus
402 2609 493 2684 fallax,
508 2612 584 2682 quod
596 2613 625 2666 in
645 2613 759 2673 civitate
773 2615 870 2669 nostri
883 2621 913 2669 et
923 2619 1001 2670 vela·

94 2690 177 2748 bitur
190 2699 316 2758 semper,
331 2691 360 2740 et
380 2685 557 2740 retinebitur.
599 2685 705 2742 Multos
731 2693 844 2742 secreta
867 2688 1001 2764 Poppaea

95 2761 322 2829 mathematicos,
345 2761 498 2836 pessimum
519 2759 685 2836 Principalis
709 2762 880 2821 matrimonii
899 2765 1000 2828 instru-

67 2841 68 2844 '
95 2846 234 2909 mentum,
245 2839 418 2900 habuerant:
439 2857 456 2896 e
471 2839 570 2916 quibus
585 2837 766 2909 Ptolemaeus,
776 2837 882 2902 Othoni
895 2843 923 2901 in
934 2843 1000 2904 His.

96 2921 182 2998 panii
202 2936 308 2986 comes,
323 2935 408 2992 quum
422 2925 429 2951 ‘
441 2916 653 2992 superfuturum
662 2925 664 2928 ’
673 2937 738 2978 eum
760 2919 788 2977 N
790 2922 880 2979 eroni'
895 2925 1000 2999 promi-

97 3000 191 3068 sisset,
199 2996 354 3072 'postquam
367 3012 404 3052 ex
417 3003 522 3055 eventu
545 2995 629 3066 tides,
640 2996 804 3073 conjectura
822 2998 893 3075 jam,
906 3008 935 3060 et
952 3020 1000 3062 ru·

133 3183 148 3238 1
167 3181 262 3256 Elium
266 3179 396 3264 principi.
427 3180 552 3252 Etiamsi
564 3183 808 3254 princepssuisset.

132 3253 151 3306 2
171 3253 318 3308 maeatas
329 3265 425 3305 rmum.
462 3251 537 3308 Dum
548 3270 594 3306 res
605 3255 634 3308 ‘m
651 3267 729 3310 motu
741 3265 843 3322 essent,
855 3266 884 3311 et
895 3255 931 3312 ab
943 3273 999 3315 uno

96 3325 131 3378 in
140 3321 225 3376 alium
237 3321 461 3378 transferrentur.

132 3393 151 3447 3
173 3392 207 3446 Ut
215 3409 267 3446 ruo
276 3397 442 3446 ostentantes.
472 3391 611 3448 Nimirum
619 3396 692 3450 servi
701 3393 741 3449 ilii
752 3410 873 3464 nequam
881 3396 940 3452 haec
949 3397 999 3454 flu·

3 3487 5 3504 =
98 3461 890 3534 gittaothonmirenumposternamhaitaostentahant;
908 3471 998 3536 quies·

98 3531 998 3606 ceutipvorooedemexprobrabunt2tamquaminterdIotoprivato.
