2252 3958
76 359 131 402 20.
145 343 188 400 a.
275 345 430 406 maron.
449 328 524 406 ιἰιι
542 349 763 438 sumrvuus.¹
924 351 963 412 a

97 483 194 564 issent,
215 489 379 549 merebant.
429 489 577 559 Ceterum,
598 492 686 548 multo
701 501 823 548 suorum
846 509 959 560 eruore,

77 625 81 633 ,
95 563 163 619 ulsus
177 561 313 638 Caecina3
335 575 364 624 et
377 585 432 624 nox
442 567 575 642 parandis
587 569 721 643 operibus
732 570 888 644 absumpta.
909 567 962 638 vi<

89 638 171 722 illiani
184 643 309 718 pluteos,
322 653 484 720 cratesque,
505 654 535 702 et
554 639 652 704 iineas
665 641 848 703 suffodiendis
863 645 961 712 muris,

84 719 305 796 retegendisque
323 723 561 798 oppugnatoribus
575 744 582 792 3
604 723 755 780 Othoniani
769 723 854 780 sudes
868 730 898 778 et
911 722 963 778 im-

83 812 175 856 neusas
195 797 320 873 lapidum
335 818 366 861 ae
385 798 493 874 plumbi
517 798 640 874 aerisque
660 801 764 870 moles,
782 798 964 874 perfringen-

82 871 110 955 lis
130 873 339 951 obruendisque
362 877 502 950 hostibusl
528 877 691 950 eipediunt.
737 875 886 952 Utrimque
911 895 964 952 pu·

75 947 285 1028 lunatumque
298 953 399 1026 gloria,
413 961 442 1010 et
454 953 576 1017 diversae
590 954 810 1020 exhortationes,
820 953 887 1010 hinc
900 961 909 992 ⁶
922 955 964 1010 le-

72 1026 204 1099 ‘gionum
218 1037 248 1085 et
260 1031 424 1086 Germanici
445 1032 589 1088 exercitiis
611 1033 719 1098 robur,'
741 1031 807 1087 iude
827 1034 964 1087 ‘urbanae

70 1111 76 1134 ‘
90 1105 211 1172 militias,
226 1115 256 1162 et
268 1107 466 1180 praetoriarum
479 1109 639 1166 cohortium
657 1109 743 1164 decus
757 1107 962 1166 attollentium.'

68 1180 125 1248 llli,
149 1189 203 1239 ‘ut
222 1202 338 1256 segnem
358 1201 390 1239 ac
411 1183 548 1251 desidem,
568 1191 599 1240 et
621 1184 699 1240 circo
720 1204 752 1240 ac
769 1187 887 1242 theatris
901 1202 964 1242 cor·

68 1266 208 1332 ‘ruptum
231 1261 350 1318 militem
363 1263 382 1332 ;'
410 1261 450 1330 hi,
472 1259 674 1337 ‘peregrinum
694 1269 723 1316 et
743 1263 901 1317 externum'
922 1264 965 1318 in-

68 1338 243 1411 crepabant:
275 1339 358 1395 simul
378 1339 532 1411 Othonem,
557 1358 588 1396 ac
610 1337 767 1406 Vitellium,
790 1335 966 1395 celebrantes

69 1415 291 1493 culpantesque,¹
304 1417 485 1475 uberioribus
499 1418 575 1475 inter
587 1436 619 1475 se
629 1417 755 1493 probris,
777 1417 861 1493 quim
879 1413 966 1474 laudi·
1014 1485 1016 1492 Ι

68 1491 117 1548 bus
131 1493 356 1553 stimulabantur.
397 1499 401 1506 '

105 1569 199 1630 XXll.
219 1611 222 1620 -
242 1568 300 1630 Vix
313 1574 379 1648 dum
393 1583 455 1632 orto
464 1577 520 1645 die,
535 1578 619 1651 plena
630 1575 884 1652 propugnatoribus
896 1593 965 1634 moe·

70 1647 122 1718 nia,
147 1648 289 1728 fulgentes
310 1652 393 1730 armis¹
414 1654 540 1730 virisque
555 1655 669 1730 campi3
692 1653 808 1724 densum¹
823 1655 966 1729 legionum

69 1743 296 1812 agmemsparsa
319 1731 487 1788 auxiliorum
509 1751 618 1803 manus,
638 1733 738 1793 altiora
752 1751 899 1798 murorum
921 1751 964 1789 sa-

68 1805 138 1874 gittis
152 1817 198 1867 aut
211 1809 293 1878 ,saxis
306 1809 458 1880 insevere
471 1832 478 1881 3
499 1812 629 1885 neglecta
650 1818 697 1868 aut
710 1829 772 1868 aevo
786 1809 864 1868 fluxa
877 1811 965 1868 comi-

70 1898 117 1938 nus
136 1887 271 1962 adgredi:
300 1887 430 1962 ingerunt
450 1887 575 1962 desuper
595 1887 750 1946 Othoniani
772 1889 839 1964 pila,
862 1887 965 1964 librato

69 1964 148 2037 magis
162 1974 193 2024 et
205 1972 289 2024 certo
302 1963 371 2033 ictu,
393 1965 524 2033 adversius
538 1971 648 2022 temere
663 1968 815 2036 subeuntes
830 1966 964 2022 cohortes

20 2053 34 2108 J
69 2035 285 2113 Gertuauorum,
305 2050 387 2101 cantu
406 2041 490 2111 truci,
511 2050 539 2100 et
553 2062 636 2102 more
647 2043 746 2116 patria,
768 2043 848 2098 nudis
862 2059 964 2116 corpo-

70 2117 154 2192 ribus,
175 2141 267 2200 super
286 2123 421 2180 humeros
444 2128 523 2178 scuta
544 2119 740 2195 quatientium.
781 2119 966 2190 Legionarins

68 2195 167 2270 pluteis
181 2209 213 2262 et
231 2201 355 2260 cratibus
376 2206 478 2268 tectus,
499 2198 610 2260 subruit
628 2215 735 2266 muros,
759 2195 872 2270 instruit
885 2213 965 2270 agge-

69 2287 137 2345 rem,
157 2281 412 2352 molitur-portas„
441 2275 549 2346 Contrai
570 2275 733 2351 praetoriani
757 2273 907 2350 dispositos
931 2273 965 2330 ad

69 2348 198 2427 idipsum
212 2357 345 2432 molares,
372 2355 477 2430 ingenti
498 2355 626 2430 pondere
647 2373 680 2412 ac
700 2353 824 2430 fragore,
848 2354 963 2430 provol-
1028 2395 1031 2404 .

69 2435 153 2489 vunt‘:
176 2453 242 2510 pars
265 2434 444 2492 subeuntium
458 2434 570 2492 obruti:
593 2455 658 2510 pars
679 2433 793 2502 confixi,
816 2440 845 2490 et
865 2451 963 2490 exsan-

67 2522 146 2578 gues,
165 2520 213 2572 aut
225 2512 324 2581 laceri,
345 2513 409 2568 edm
422 2520 538 2586 augeret
550 2521 671 2590 stragem
684 2511 847 2588 trepidatio,
867 2512 963 2582 ebque

68 2585 156 2644 acrias
170 2609 187 2646 e
201 2589 341 2656 moenibus
354 2591 585 2658 vulnerarentur,
606 2585 863 2666 rediereffiinsractb
877 2585 963 2657 parti-

68 2675 112 2718 um
123 2663 209 2722 lami.
250 2665 287 2720 Et
301 2664 426 2728 Caecina,
440 2665 549 2734 pudore
563 2665 681 2738 coeptae²
692 2665 804 2737 temere
819 2677 962 2732 oppugna·

67 2736 162 2808 tionis,
184 2758 221 2796 ne
241 2740 344 2794 inrisus
357 2756 389 2792 ac
402 2738 604 2794 vanusiisdem
618 2739 715 2800 castris
735 2737 886 2803 adsideret,
907 2743 962 2796 tra·

64 2810 142 2882 jecto
157 2833 255 2874 rursus
270 2814 356 2882 Pado,
368 2811 547 2884 ¹Cremonam
568 2821 668 2887 petere
689 2811 817 2870 intendit.
850 2797 962 2879 ·Tradi-
1024 2823 1029 2832 ’

68 2888 136 2950 dere
148 2913 215 2952 sese
237 2891 350 2952 abeunti
371 2888 519 2946 Turullius
540 2889 671 2960 Cerialis,
692 2908 757 2947 cum
770 2889 962 2963 compluribus

69 2967 200 3054 classicis,
215 2979 245 3032 et
257 2970 349 3028 Julius
362 2967 550 3042 Briganticus,
564 2987 629 3026 cum
641 2968 738 3046 paucis
752 2968 893 3044 equitam;
915 2968 962 3026 hic

70 3153 73 3160 ,
102 3126 346 3201 lPersaingeadis
357 3124 550 3196 obruendisque
568 3125 696 3180 hostibus.
727 3125 824 3196 *Vulgo
840 3125 960 3196 perseia-

69 3198 164 3258 gandia
175 3199 311 3270 operibus:
330 3199 379 3251 sed
392 3214 490 3262 vocem
507 3195 631 3267 operibus
650 3197 725 3252 Flos.
745 3197 851 3267 Regius
864 3206 892 3248 et
904 3193 959 3247 Bu-

70 3261 161 3340 dennis
173 3280 316 3338 respuunt,
328 3279 356 3322 et
368 3269 476 3321 induxit
488 3267 503 3318 J
508 3269 586 3320 acob.
601 3305 608 3318 .
624 3265 792 3322 Gronovius.
1058 3309 1061 3317 .

102 3334 177 3397 aut
191 3338 308 3404 Ourima
323 3339 425 3408 pudore
437 3342 529 3409 copto,
542 3343 587 3390 ete.
623 3337 714 3405 Vulgo
727 3343 751 3390 et
761 3333 869 3397 Curiata
878 3332 960 3400 sumci

71 3405 93 3454 tl
100 3409 209 3472 pudore.
246 3409 303 3462 Sed
323 3424 407 3462 voees
421 3408 504 3476 soma
521 3413 546 3460 et
565 3407 804 3477 ignoratRegius
824 3413 852 3456 et
867 3401 959 3456 Guelfi

71 3475 144 3529 unde,
172 3493 236 3532 oum
261 3478 381 3540 Ernesto
405 3478 567 3542 delevimus,
597 3487 742 3548 turaqubm
764 3473 959 3546 repetitionem

71 3549 229 3612 t'orurndem
242 3547 392 3614 verborum
404 3557 469 3600 ante
484 3545 601 3626 Qudne.
685 3570 688 3574 ·

173 3727 337 3794 ξι,

891 3573 1015 3653 ,1,-

1103 3469 1106 3528 l
