2254 3960
148 305 203 368 aaa
359 383 362 398 ,
427 308 460 368 o.
478 309 590 366 cona.
609 309 744 368 raom
861 328 889 367 r.
902 273 1045 371 aissa

151 450 203 510 ‘in
222 423 427 527 enusquisque
448 449 531 508 aedes
553 447 695 524 refugere.
746 449 881 509 Deductis
903 448 991 518 olim,¹
1009 460 1046 510 et

151 539 158 564 ‘
174 527 318 588 nobiscum
331 544 385 602 per
397 526 568 594 connubium
579 527 701 595 sociatis,
716 527 835 604 quisquo
853 545 919 586 mox
932 537 1041 618 proae-

150 617 158 642 ⁴
174 605 254 674 nere,
268 605 330 663 hac
344 602 433 678 patria
444 611 497 661 est.
537 602 602 662 Neo
619 623 673 664 vos
686 604 758 662 adeo
772 604 885 680 iniquos
897 607 1040 664 existima-

150 695 158 719 ‘
172 701 244 751 mus,
257 697 288 740 nt
299 681 421 740 interfici
438 699 454 737 a
473 681 553 738 nobis
573 688 716 762 parantes,
727 679 841 750 fratres,
854 682 959 741 liberos
972 702 1040 740 noe

150 767 231 818 -tros
244 759 353 817 velitia·
388 757 515 832 Vectigal
536 765 566 816 et
585 777 673 822 onera
691 761 926 822 commerciorum
945 761 1040 818 resol-

148 838 270 896 ‘aimua
312 836 373 894 Sint
392 836 523 894 transitus
542 836 713 905 incustoditi,
731 837 782 896 sed
801 837 904 906 diurni,
918 846 946 896 et
958 837 1040 897 iner-

77 965 79 970 .
148 923 156 949 ‘
170 931 248 986 mes3
269 914 361 973 donec
381 931 454 973 nova
474 921 503 972 et
516 913 642 980 recentia
657 915 733 990 jura,
747 914 775 972 in
788 921 956 973 vetustatem
968 933 1042 974 con·

147 992 317 1051 ‘suetudine
339 999 497 1061 vertantur,
510 992 655 1050 Arbitrum
678 991 846 1050 babebimus
865 989 990 1050 Civilem
1009 1000 1041 1052 et

146 1067 308 1128 ‘Veledam
332 1071 408 1146 apud
433 1087 503 1144 quos
528 1077 612 1146 pecta
636 1069 816 1128 saucientur!
871 1068 917 1127 Sic
941 1071 1041 1132 lenitis

147 1146 313 1219 Tencteris,
333 1148 418 1224 legati
444 1147 479 1208 ael
504 1146 628 1207 Civilem
652 1154 682 1206 ot
707 1144 843 1210 Veledam
868 1146 943 1206 misai
969 1167 1042 1207 oum

146 1225 237 1296 donis,
259 1233 362 1285 cunda
383 1244 421 1286 ex
445 1226 590 1284 voluntate
616 1225 864 1302 Agrippinensium
886 1233 1043 1302 perpetra-

147 1319 227 1362 vere.
269 1305 324 1362 Sed
337 1303 534 1371 commodine,
547 1303 716 1380 adloquique
734 1301 882 1372 Veledam,
894 1311 1043 1378 negatum.

147 1382 324 1441 Arcebautur
337 1389 454 1458 aspectu
474 1383 531 1456 quo
551 1380 741 1439 venerationis
754 1381 817 1455 plns
830 1380 943 1438 inesset.
988 1381 1040 1458 lp·

146 1475 176 1516 se
189 1460 264 1518 edita
283 1460 311 1516 in
331 1467 411 1519 turre
424 1456 450 1530 3²
466 1459 595 1520 delectus
614 1477 632 1516 e
652 1458 828 1535 propinquis,
848 1458 974 1519 consulta
989 1479 1042 1518 re⁴

146 1553 316 1612 sponsoque,
330 1543 361 1592 nt
372 1535 560 1594 internuntius
573 1535 703 1604 numinis,
718 1537 856 1613 portabat.

183 1613 286 1672 LXVl.
338 1611 448 1683 Civilis,
481 1613 617 1672 societate
647 1613 893 1690 Agrippinensium
924 1622 1048 1688 anetus„

145 1690 288 1762 proximas
305 1690 433 1748 civitates
454 1690 610 1759 adfectare,
630 1699 677 1748 aut
695 1691 905 1750 adversantibus
925 1691 1041 1752 bellum

144 1764 251 1825 inferre
281 1767 383 1828 statuit.
431 1767 646 1844 ,Occupaosque
681 1767 801 1838 Sunicis,
827 1765 860 1826 et
883 1770 1043 1846 juventute
1120 1769 1121 1814 ἕ

144 1861 243 1902 eorum
255 1847 470 1935 per-cobortes¹
483 1845 639 1934 composita
654 1867 662 1917 ς
684 1845 831 1922 quominus
844 1847 917 1904 ultra
929 1865 1046 1924 perge„

144 1932 198 1993 ret,
225 1923 358 1982 Claudius
391 1924 486 1982 Labeo
519 1921 694 1986 Betasrorum
728 1922 962 2000 Tungrorumque
1008 1936 1046 1994 et,

143 1999 317 2062 Nerviorum
339 1999 517 2060 tumultuarit
537 2018 619 2058 manu
639 1998 860 2070 restitit,f1etus
880 2002 952 2071 loco,
965 2005 1040 2080 quia
1119 2039 1120 2054 ,

143 2089 258 2153 pontem
278 2079 370 2148 Mosa
389 2077 509 2137 fluminis
523 2085 714 2153 antecaperet.
756 2076 990 2158 Pugnabaturque
1005 2083 1040 2142 in

142 2158 273 2232 angustiis
296 2141 434 2232 ambigue,
457 2157 547 2214 donee
568 2155 705 2213 Germani
726 2161 937 2226 transnatantes,
950 2165 1040 2235 terga

141 2233 279 2291 Labeonis
299 2235 439 2296 invasere.
481 2234 567 2290 Simul
588 2232 698 2302 Civilis,
712 2252 804 2302 ausus,
818 2253 902 2292 anex
916 2253 977 2293 com
1025 2270 1037 2282 ·
1118 2249 1119 2312 j

141 2309 205 2376 sito,
219 2310 311 2366 intulit
328 2327 359 2367 so
373 2310 475 2384 agmiqi
488 2309 680 2384 Tungrorum,
693 2317 722 2368 et
734 2311 811 2370 clara
822 2330 895 2370 voee
912 2334 920 2369 z
940 2320 948 2347 ‘
996 2321 1038 2370 on

141 2393 149 2418 ‘
165 2385 252 2454 ideb,‘
266 2385 366 2462 inquit,
381 2387 507 2448 ‘bellum
520 2387 698 2462 sumpsimus,
712 2395 743 2446 ut
756 2387 854 2446 Batavi
866 2396 895 2448 el
904 2387 1044 2448 Treveri.

141 2464 298 2538 ‘gentibus
314 2463 464 2539 imponent
506 2463 610 2522 Procul
628 2465 692 2524 bec
712 2484 729 2524 a
748 2467 829 2524 nobis
849 2466 1033 2544 arrogantia:

141 2534 282 2618 ‘aecipite
302 2541 488 2600 societatem:
510 2541 701 2618 transgredior
714 2543 746 2602 ad
767 2561 829 2613 vos,
848 2561 901 2602 seu
921 2561 964 2602 me
978 2543 1037 2602 du·
1117 2551 1118 2596 l

140 2627 148 2653 ⁴
164 2637 237 2690 cem,
251 2637 306 2679 seu
320 2619 438 2678 militem
457 2619 609 2677 mavultis'
650 2619 820 2678 Merebatur
839 2621 948 2696 vulgus,
961 2639 1035 2680 oon-

139 2697 297 2776 debantque
339 2698 449 2769 ladios;
471 2698 535 2756 oiim
560 2697 730 2773 Campanus,
754 2716 786 2756 ac
812 2697 967 2766 luvenalis,
994 2719 1037 2765 ex

139 2776 309 2850 primoribus
352 2793 514 2850 ungrorum,
528 2775 689 2832 universam
702 2776 729 2832 ei
748 2782 861 2848 gentem
880 2773 1035 2836 dedidere.

139 2853 244 2923 Labeo,
259 2861 322 2920 ante
335 2871 417 2928 quam
430 2852 693 2919 circumveniretur,
707 2851 840 2927 profugit.
863 2851 1033 2910 CivilisBe·

139 2931 347 3009 taslosquoque
361 2949 393 2988 ac
410 2927 535 2987 Nervios
555 2929 584 2985 in
604 2927 689 2986 fidem
709 2936 851 3004 acceptos,
866 2929 955 3004 copiis
968 2930 1032 2988 suis

139 3007 282 3084 adjunxit:
304 3007 400 3080 ingens
414 3013 521 3075 rerum,
535 3005 673 3081 perculsis
693 3005 836 3064 civitatum
857 3005 964 3075 animis,
978 3009 1033 3068 rel

137 3093 236 3160 sponte
250 3082 454 3141 inclinantibus.

175 3161 292 3220 LXVII.
342 3159 453 3248 Interea
478 3158 569 3240 Julius
595 3160 724 3230 Sabinam,
750 3160 885 3236 projectis
911 3157 1031 3219 soederis
1114 3181 1115 3184 ¹

172 3315 186 3366 1
205 3315 334 3380 raucio
345 3286 416 3370 aa
453 3313 843 3385 vitaresaoronoainaiuga:
862 3315 1034 3388 ,aquomst

134 3395 282 3446 properasse,
293 3385 312 3435 i.
323 3401 348 3436 e.
359 3401 395 3438 ex
407 3386 441 3438 iis
453 3386 511 3438 nati
523 3397 595 3439 sunt.

140 3447 142 3449 ’
170 3445 268 3515 2Ipao
281 3451 484 3512 oditda'nturre.
520 3454 597 3526 Lege
619 3457 711 3526 potiris
730 3472 794 3511 oum
814 3443 961 3533 spolitano
979 3471 1033 3522 utt-

1117 2601 1118 2651 l

1115 2795 1117 2881 l

1111 3439 1114 3568 l

1104 3809 1112 3932 l
