2254 3960
143 313 197 374 w
441 317 472 374 Ο.
491 313 604 374 GORN.
628 305 763 371 raom
867 329 895 368 a.
907 330 937 369 u.
951 329 980 370 c.
1000 309 1071 370 851ί

146 473 180 516 ac
200 455 319 517 nemora
339 463 514 525 remearant,
534 456 711 530 deorumque
733 451 891 512 nominibus
915 454 1071 530 appellant

145 542 289 594 umatum
301 531 380 601 illud,
393 531 468 607 quod
480 534 541 589 solt
554 532 717 612 reverentis
730 530 837 588 rident.

186 611 223 670 X.
245 611 385 686 Auspicia,
394 615 554 683 sortesque,
564 617 595 666 ut
605 608 653 682 qui
663 607 793 675 maximi,
807 609 973 669 observant.
996 607 1065 673 Sors

67 691 72 698 '
147 689 216 748 tium
228 686 400 748 consuetudo
413 684 555 762 simplex:
578 685 696 758 virgam,
711 683 855 758 frugiterae
873 686 973 744 arbori
986 686 1066 745 deci·

146 785 216 835 sam,
229 766 258 823 in
270 764 398 824 surculos
412 769 555 838 amputant
568 779 686 837 eosque,
696 761 767 818 notis
797 761 944 820 uibusdam
954 763 1067 822 disme-

145 851 199 911 tos,
213 859 300 916 super
318 841 465 900 candidam
485 847 594 898 restem
607 839 714 902 temeri
727 855 759 894 ac
774 781 891 898 diluite
904 848 1066 915 spargunt:

145 937 221 988 mox,
230 917 253 974 si
263 919 376 996 public&
385 919 568 985 consultatur,
579 916 712 986 sacerdos
723 915 853 984 civitatis,
864 917 909 974 sin
919 917 1065 992 privatim,

143 994 207 1070 ipse
226 994 431 1072 paterfamilias,
445 1001 576 1070 precatus
602 994 681 1061 deos,
705 994 864 1068 coelunaque
890 995 1065 1069 suspiciens,

145 1079 190 1130 ter
205 1073 329 1148 singulos
342 1073 426 1141 tollit,
439 1074 573 1139 sublatos,
585 1070 738 1128 secundum
751 1070 921 1144 impressam
933 1073 1000 1129 ante
1015 1089 1064 1128 no·

146 1155 214 1221 tam,
228 1151 440 1227 interpretatur.
481 1149 509 1206 Si
523 1149 743 1225 prohibuerunt,
751 1148 837 1216 nulla,
850 1147 886 1205 de
901 1148 1007 1206 eidem
1021 1167 1065 1218 ro,

146 1228 176 1286 iu
187 1229 318 1286 eumdem
328 1229 413 1296 diem,
424 1227 582 1285 consulatis
592 1249 600 1296 3
622 1226 664 1284 sin
675 1226 853 1300 permissum,
867 1226 1063 1300 auspiciorum

147 1305 239 1365 adhue
253 1305 323 1364 tides
337 1306 467 1379 exip'tur.
508 1304 544 1361 Et
563 1304 631 1361 illud
652 1303 766 1378 quidem
785 1303 869 1360 edam
888 1303 939 1361 hic
954 1310 1064 1374 notum,

147 1383 242 1442 arium
262 1402 358 1452 rocos,
373 1384 537 1458 volatusque
560 1383 746 1454 interrogare.
788 1379 941 1455 Proprium
961 1381 1062 1455 gentis,

146 1477 287 1536 equorum
307 1479 419 1536 quoque
440 1458 576 1535 praesagia
590 1478 622 1515 ac
640 1458 761 1514 monitus
774 1458 926 1532 enperiri:
947 1459 1063 1534 publice

147 1537 259 1595 aluntur
268 1538 367 1594 iisdem
379 1538 540 1594 nemoribus
551 1555 583 1592 ac
596 1535 678 1603 lucis,
687 1535 807 1602 candidi,
815 1542 845 1591 et
857 1536 936 1594 nullo
950 1535 1063 1594 mortali

146 1630 235 1688 opere
246 1613 377 1682 contactu
392 1633 472 1688 quos,
482 1631 596 1688 pressos
610 1631 691 1670 sacro
700 1631 797 1680 curru,
807 1613 1060 1682 sacerdos,acrer,

147 1691 194 1746 vel
206 1689 349 1765 principes
358 1689 490 1758 civitatis,
501 1691 679 1758 comitantur,
689 1690 869 1764 hinnitusque
879 1708 913 1748 ac
923 1688 969 1749 lre
980 1691 1060 1748 mittis

145 1766 307 1824 observant.
348 1765 412 1824 Nec
426 1767 476 1824 ulli
485 1768 609 1842 auspicio
620 1768 710 1842 major
722 1767 802 1834 tides,
816 1785 872 1823 non
884 1768 979 1824 solum
990 1767 1061 1842 apud

138 1845 271 1918 plebem,
284 1843 334 1902 sed
356 1845 429 1920 apud
453 1863 600 1920 proceres,
619 1846 693 1920 apud
713 1845 884 1902 sacerdotes.
928 1844 967 1901 Se
989 1845 1060 1902 enim

146 1921 286 1980 ministros
295 1923 423 1988 deorum,
433 1923 495 1980 illos
504 1924 631 1980 conscios
641 1930 746 1997 putant.
769 1922 1059 1980 Estetaliaobserva·

146 1999 186 2056 tio
200 2000 399 2075 auspiciorum,
414 2003 468 2075 qud
482 2001 607 2074 gravium
618 2002 758 2056 bellorum
769 2007 887 2056 eventus
898 2001 1050 2074 explorant
1109 2065 1110 2074 χ

145 2073 215 2152 Ejus
237 2079 338 2152 gentis,
352 2097 417 2136 cum
438 2081 492 2152 quat
512 2079 617 2134 bellum
639 2085 682 2134 est
695 2078 835 2151 captivum
850 2095 966 2152 quoquo
979 2077 1058 2134 modo
1109 2075 1110 2144 l

144 2153 345 2229 interceptum,
356 2173 420 2212 cum
429 2155 521 2212 electo
533 2155 706 2230 popularium
720 2173 834 2210 suorum
857 2155 954 2228 patriis
963 2173 1056 2230 quem-
1109 2149 1110 2177 ¹

145 2247 201 2303 que
215 2231 298 2287 armis
312 2232 506 2290 committunt:
529 2233 647 2290 victoria
661 2232 756 2306 hujus,
767 2197 909 2301 validius,
921 2249 976 2306 pro
987 2250 1056 2308 pra·
1108 2295 1109 2312 χ

140 2304 248 2380 judicio
262 2307 409 2380 accipitur.
1108 2351 1109 2405 p

183 2379 235 2440 Xl.
259 2381 302 2438 De
311 2382 468 2441 minoribus
480 2387 565 2442 rebus
575 2387 718 2461 principes
727 2387 895 2454 consultant,
904 2385 940 2444 de
947 2387 1055 2462 majori*

145 2460 196 2518 bus
217 2477 332 2531 omnes;
354 2460 392 2517 ita
409 2469 514 2531 mmeu,
528 2471 559 2520 ut
572 2483 607 2520 ea
621 2483 746 2539 quoque,
761 2483 881 2538 quorum
895 2483 984 2539 penes
998 2466 1053 2539 ple·

145 2538 210 2596 bem
219 2538 365 2596 arbitrium
379 2537 432 2609 est,
447 2541 520 2616 apud
531 2542 676 2616 principes
687 2548 906 2614 pertractentur.
936 2541 1052 2610 Codunt,
1104 2563 1108 2602 t

144 2615 197 2674 nisi
212 2617 278 2694 quid
293 2615 439 2675 fortuitam
451 2625 480 2675 et
493 2620 615 2676 subitum
629 2619 770 2687 inciderit,
784 2619 870 2675 certis
884 2619 984 2676 diebus
997 2620 1055 2676 crim
1107 2605 1108 2636 ¹

100 2739 105 2749 .
144 2703 190 2753 aut
205 2695 306 2752 inchoa
319 2703 366 2752 tur
379 2697 453 2764 luna,
468 2705 515 2754 aut
527 2697 682 2772 impletur:
704 2715 767 2752 nam
781 2696 893 2769 mendis
907 2698 992 2754 rebus
1005 2697 1054 2755 lioc

144 2773 396 2848 auspicatissimum
409 2773 517 2830 initium
531 2775 659 2831 credunt.
701 2773 765 2831 Nec
776 2773 887 2830 dierum
900 2793 1053 2842 numerum,

144 2857 174 2906 ut
188 2869 248 2920 nos,
263 2850 318 2918 sed·¹
327 2849 451 2908 noctium
471 2859 641 2926 computant.
675 2851 729 2907 stc
744 2851 927 2918 constituunt,
941 2852 982 2909 sic
992 2871 1053 2909 cou-
1105 2841 1107 2866 ⁴

143 2923 257 2986 dicunt:
273 2927 530 2986 uoxducerediem
540 2931 662 2986 videtur.
684 2929 757 2984 lllud
767 2947 803 2984 ex
811 2929 944 2988 libertate
952 2929 1052 2998 vitium,

144 3006 221 3078 quod
234 3023 289 3062 non
302 3005 396 3072 simul,
410 3025 464 3062 nec
487 3014 518 3064 ut
533 3007 606 3082 jussi
626 3007 808 3072 conveniunt,
822 3006 873 3062 sed
894 3013 925 3062 et
938 3008 1015 3076 alter,
1029 3014 1053 3064 et
1105 3037 1106 3093 p

143 3084 243 3140 tertius
262 3081 322 3138 dias
342 3084 518 3141 cunctatione
538 3083 698 3142 coeuntium
712 3083 875 3141 adsumitur.
917 3083 957 3140 Ut
970 3086 1050 3142 turba

143 3160 258 3234 placuit,
272 3158 420 3218 considunt
431 3163 539 3218 armati.
561 3162 708 3218 Silentium
718 3179 772 3236 per
784 3161 950 3220 sacerdotes
959 3163 1049 3238 quibus
1104 3229 1105 3236 ἵ

142 3237 199 3291 tim
208 3245 237 3294 et
246 3235 395 3295 coirccndi
402 3237 450 3311 jas
461 3245 514 3305 est,
525 3239 689 3314 imperatur.
711 3237 780 3296 Mox
791 3240 904 3306 rex‚rel
916 3239 1049 3314 princeps,
1104 3237 1105 3322 l

142 3312 227 3380 proiit
246 3319 314 3368 astas
331 3312 445 3387 cuique,
459 3316 543 3388 proiit
556 3315 695 3383 nobilitas,
709 3317 794 3390 proiit
805 3316 894 3375 decus
908 3317 1048 3382 bellorum,

142 3385 225 3469 proiit
238 3385 366 3441 facundia
386 3394 439 3456 cst,
453 3389 612 3460 audiuntur,
627 3392 792 3448 auctoritate
812 3391 950 3450 suadendi
963 3394 1047 3468 magis,
1101 3413 1104 3434 ⁴

142 3469 224 3524 quam
239 3459 358 3528 jubendi
377 3470 526 3546 potestate.
568 3468 598 3523 Si
618 3468 761 3542 displicuit
780 3471 931 3540 sententia,
946 3469 1049 3528 fremitu
1103 3491 1104 3551 l

142 3537 326 3595 aspernantur
336 3552 347 3584 :-
365 3551 410 3590 sm
417 3538 532 3608 placuit,
541 3541 662 3600 frameas
670 3545 844 3606 concutiunt.
866 3545 1048 3608 Honoratisds

141 3603 217 3651 roam
229 3603 356 3702 assessor
368 3624 461 3682 genas-
469 3621 524 3685 sst,
537 3619 622 3678 umis
634 3620 766 3681 laudare.
