2214 3986
119 246 242 358 ,rue'
403 215 570 346 odona.
590 283 726 344 rsorrr
842 286 1033 344 neema
1090 343 1093 356 ,

136 433 274 497 ‘alarum
288 427 446 488 cohortium
467 427 593 496 roborea
614 431 644 482 et
657 423 782 482 fidissimi
804 439 907 497 reges3
927 431 957 480 et
977 431 1031 485 tua
1092 441 1093 446 ¹

136 515 145 544 ‘
159 513 221 564 ante
235 523 330 562 omnes
344 502 530 577 experientia.

171 581 318 640 LXXVll.
369 577 481 636 ‘Nobis
505 578 574 634 nihil
599 577 674 634 ultra
700 575 849 650 arrogabo,
876 576 960 652 quem
986 595 1025 634 ne

134 667 221 732 ‘post
241 657 391 714 Valentem
412 658 451 712 ac*
464 654 607 712 Cecinsm
628 671 820 711 numeremur.
862 653 908 710 Ne
931 659 1024 710 tamen

123 736 144 804 ,ξ
157 733 318 792 Mucianum
340 733 447 790 socium
472 731 628 806 spreveris,
650 731 715 804 quia
738 731 869 788 aemulum
893 747 949 786 non
973 748 1024 786 ex-

133 811 279 886 ‘periris:
301 827 347 866 me
368 807 484 864 Vitellio
507 814 657 880 antepono,
672 814 701 862 te
720 807 799 864 mihi.
842 805 916 864 Tuae
929 805 1024 863 domui

133 886 325 959 ‘triumphale
346 883 472 950 nomen,¹
495 882 551 938 duo
569 884 703 957 juvenes,
721 899 810 955 capax
828 882 889 958 jam
911 883 1023 956 imperii

133 963 237 1028 ‘alten
256 968 285 1017 et
303 960 399 1034 primis
420 958 527 1016 militiae
551 959 627 1016 annis
652 959 724 1034 apud
745 960 929 1017 Germanicos
952 978 1046 1091 ἓιιιι-Ι
1093 939 1095 1050 i

133 1047 211 1111 ‘que
232 1037 373 1094 exercitus
395 1036 497 1095 clerus.
539 1035 698 1092 Absurdum
720 1035 817 1105 fuerit,
838 1038 894 1092 iron
916 1054 951 1092 ee
971 1054 1024 1094 ere

132 1113 275 1188 ‘imperio
296 1113 334 1182 ei,
358 1112 438 1186 cujus
461 1111 549 1168 filium
575 1111 757 1186 adoptaturus
783 1131 886 1181 essem,
909 1113 933 1168 si
960 1113 1024 1186 ipse

109 1251 111 1256 ,
131 1190 334 1266 ‘imperarem
358 1195 360 1200 ’
375 1188 510 1246 Ceterdm
522 1188 597 1245 inter
610 1207 661 1246 noe
671 1208 726 1246 non
735 1190 811 1246 idem
820 1206 1024 1264 prosperarum

131 1267 393 1341 ‘adversarumque
414 1283 511 1324 rerum
534 1265 603 1322 ordo
622 1283 638 1322 e
657 1266 686 1322 't.
737 1265 811 1322 Nam
831 1265 854 1325 si
872 1266 1022 1334 vincimus,
1095 1295 1096 1338 t

131 1345 301 1412 ‘honorem
317 1362 400 1417 quem
410 1342 546 1409 dederis,
567 1285 699 1398 habeiio:
720 1342 871 1414 discrimen
892 1361 923 1398 ac
945 1343 1022 1417 peri-
1095 1339 1096 1346 ’

131 1422 218 1477 ‘cula
239 1439 276 1476 ex
301 1436 383 1493 aequo
404 1419 545 1492 patiemur
557 1417 581 1474 εἳ
610 1418 705 1486 immo,
733 1427 763 1476 ut
784 1419 885 1476 melius
911 1425 965 1487 est,
991 1425 1023 1476 tu

130 1496 205 1554 ‘hos
228 1496 369 1552 exercitus
393 1511 472 1565 rege,
496 1494 564 1549 mihi
590 1495 707 1562 bellum,
734 1503 764 1551 et
785 1496 963 1569 praeliorum
979 1496 1022 1550 in-

116 1583 138 1607 '‘
153 1580 232 1627 certa
244 1571 334 1627 traub.
376 1570 495 1626 Acriore
514 1571 598 1626 hodie
612 1570 760 1645 disciplinis
772 1571 850 1637 victi,
865 1561 949 1644 quam
962 1571 1021 1628 vic·

129 1653 228 1724 ‘teres
243 1652 344 1719 agunt:
366 1646 418 1701 hos
436 1645 488 1712 ire,
512 1645 616 1713 odium,
630 1647 743 1704 ultionis
763 1648 901 1722 cupiditas
916 1647 951 1702 ad
963 1648 1020 1704 vir·

67 1763 71 1772 ι
128 1729 240 1798 ‘tutem
266 1722 412 1780 accendit:
447 1721 489 1796 illi
515 1740 569 1795 per
593 1721 734 1785 fastidium
760 1732 790 1780 et
814 1723 1019 1780 contumaciam

129 1808 137 1836 ‘
153 1800 317 1856 hebescunt.
359 1797 478 1872 Aperiet
492 1805 520 1856 et
538 1799 666 1856 recludet
678 1807 807 1858 conecto
820 1808 848 1856 et
861 1807 1020 1858 tumescen-

128 1875 189 1931 ‘tia
214 1875 372 1932 victricium
395 1874 516 1948 partium
541 1877 660 1932 vulnera
679 1877 786 1932 bellum
805 1876 907 1951 ipsum.
957 1874 1021 1932 Nec
1097 1865 1098 1896 ³

129 1951 220 2008 ‘mihi
245 1955 336 2026 major
359 1951 388 2006 in
413 1953 460 2007 tud
483 1952 633 2024 vigilantii,
658 1951 1020 2026 parcimonii,³sapientil,
1090 1951 1098 1966 ⁴

128 2025 253 2084 ‘fiducia
272 2035 324 2096 est,
339 2028 423 2102 quiam
440 2027 469 2083 in
490 2027 598 2084 Vitellii
620 2035 750 2102 torpore,
764 2028 883 2097 inscitia,
897 2026 1016 2082 servitii.

128 2113 136 2140 ⁸
152 2103 208 2160 Sed
221 2112 250 2162 et
262 2105 410 2168 meliorem
422 2104 451 2159 in
464 2104 541 2160 bello
554 2121 675 2172 causam,
690 2123 775 2179 quam
795 2105 826 2162 in
845 2119 918 2180 pace
932 2103 1017 2160 habe-

127 2188 211 2238 ‘mus
227 2204 234 2235 :
257 2200 319 2238 nmn
339 2181 387 2254 qui
400 2180 568 2248 deliberant,
581 2181 784 2238 desciverunt)
1098 2219 1099 2244 ι

165 2255 325 2312 LXXVIII.
377 2255 444 2310 Post
467 2256 589 2312 Muciani
613 2257 770 2316 orationem
796 2259 887 2316 ceteri
913 2261 1015 2317 auden-

126 2331 180 2390 tius
203 2330 422 2398 circumsistere,
437 2338 444 2363 ‘
457 2349 592 2405 responsa
611 2342 716 2402 numm,
731 2342 760 2392 et
779 2335 903 2393 siderum
916 2337 1015 2396 motus’
1098 2327 1099 2336 ¹

127 2405 247 2464 referre.
290 2403 932 2488 Neeemtintactustalisupemtitione,utqui
942 2430 1018 2480 mox,

127 2499 223 2544 rerum
248 2480 385 2545 domium,
412 2479 562 2534 Seleucum
595 2487 755 2551 quemnam,
781 2489 1017 2554 mathematicum,

127 2565 273 2621 rectorem
282 2564 311 2614 et
323 2553 578 2630 praesoiumpalam
588 2555 730 2614 hebuerit.
753 2551 947 2620 Recursebant
960 2562 1017 2618 ani·

125 2643 172 2696 nto
190 2641 288 2691 vetera
309 2631 417 2688 omina:
440 2630 696 2704 cupressus,arbor
714 2634 744 2690 in
764 2635 836 2708 agris
856 2637 929 2710 ejus,
950 2657 1016 2695 con·

126 2712 224 2788 spicue
247 2708 401 2778 altitudine,
420 2709 537 2786 repente
558 2708 743 2784 prociderat3
771 2729 803 2768 ec
826 2714 1017 2782 nosternon,

94 2858 99 2897 Γ
162 2866 174 2918 1
199 2863 486 2931 Vllumplaulcoomen.
506 2861 702 2929 Vespasianus,
715 2863 835 2919 Claudio
850 2867 1014 2934 imperante,

126 2935 235 3002 magnis
252 2932 334 2985 rebus
350 2932 379 2984 in
391 2928 535 2984 Britannia
547 2933 642 3003 gestis,
654 2933 835 3004 triumphalia
846 2946 1018 2990 ornamenta

127 3019 193 3057 acce
230 3011 281 3053 rat.

140 3111 145 3128 .
160 3070 178 3122 2
222 3065 365 3120 criminer
373 3081 444 3132 sapato
452 3067 594 3134 patiemur.
613 3069 741 3126 ItaFlor.
753 3070 861 3140 Regius
870 3083 898 3128 et
910 3072 1014 3142 llycki·

127 3155 204 3204 nnru,
216 3139 299 3204 idque
311 3133 337 3189 J.
351 3135 493 3190 Gronovio
512 3137 611 3192 melius
630 3141 721 3192 visum
734 3141 847 3208 vulgato
854 3141 1014 3210 partiemur.

125 3207 190 3260 Non
210 3208 285 3260 enim
304 3204 429 3274 pericula
449 3206 584 3272 partimur
601 3224 637 3262 ex
654 3223 744 3278 aequo,
756 3210 807 3264 sed
826 3213 1015 3266 communiter

126 3277 258 3340 subimus,
271 3286 300 3328 ut
312 3277 442 3328 observat
454 3273 598 3330 Ernestus.

159 3345 178 3395 3
194 3343 377 3414 Pereimonio.
427 3343 507 3396 Hanc
528 3346 658 3398 virtutem
677 3356 757 3399 notat
776 3347 806 3400 in
826 3346 1013 3415 Vespasiano,

125 3421 239 3476 propter
250 3410 352 3464 Vitellii
366 3413 648 3479 proditionemque
667 3417 735 3480 reip.
747 3431 815 3482 opes
831 3415 1010 3470 exhauserat.

124 3475 224 3539 Neque
235 3483 301 3528 vert»
313 3495 427 3534 neeesse
441 3488 492 3541 ert,
511 3491 541 3531 ut
559 3481 613 3534 ista
624 3481 789 3550 Vespasiani
805 3494 833 3537 et
846 3483 951 3536 Vitellii
963 3501 1014 3540 na-

127 3551 196 3597 turm
207 3545 318 3614 propria
329 3546 448 3606 invicem
460 3547 646 3618 conferantur,
658 3568 691 3605 ae
702 3551 755 3608 sibi
767 3552 967 3624 respondeant.
