2254 3960
59 429 85 468 r.
94 431 127 467 n.
137 413 183 466 70.
289 407 443 466 meror.
462 409 535 466 LIB.
555 409 792 473 QUINTUS-¹
908 416 960 474 241

63 565 188 616 ‘sentes
210 558 337 616 miserias
359 558 554 634 pepulissent’
597 561 768 630 Adsensere,
790 567 876 652 atque
902 581 960 622 orn-

26 641 31 655 ‘
62 637 144 693 nium
167 636 254 710 ignari
277 633 421 692 sonuitum
443 637 501 693 iter
515 637 660 713 incipiunt.
702 638 757 696 Sed
779 639 848 708 nihil
869 644 960 716 esque,

64 713 152 787 quam
184 711 278 786 inopia
308 731 399 787 aquas,
423 711 560 786 fatigabat.
614 715 734 791 Jamque
761 717 836 773 haud
860 719 960 791 procul

62 789 166 856 exitio,
187 789 252 864 totis
278 790 383 863 campis
402 791 706 863 procubuerant,‘odm
727 811 799 866 gres
821 795 961 852 asinorum

63 865 230 940 agrestium,
254 884 271 922 e
293 875 372 940 pastu
406 866 435 921 in
463 884 573 941 rupem,
596 885 713 925 nemore
746 889 874 945 opacam,
894 891 960 928 con-

62 942 162 999 cessit.
204 943 322 1000 Secutus
346 941 453 1010 Moses,
474 943 639 1017 conjecture
658 945 771 1003 herbidi
791 949 854 1016 soli,
871 949 960 1021 largas

63 1035 203 1094 aquarum
218 1037 303 1076 renas
317 1019 417 1094 aperit.
461 1018 492 1073 ld
506 1019 635 1077 levamen
652 1043 658 1076 ε
682 1028 711 1078 et
728 1024 889 1080 continuum
907 1043 959 1082 sex

63 1097 179 1154 dierum
196 1095 264 1158 ,iter
297 1096 414 1163 emensi,
436 1096 567 1169 septimo,
587 1097 674 1171 pulsis
704 1098 870 1169 cultoribus,
889 1101 959 1158 obti-

64 1190 158 1229 nuere
170 1179 269 1241 terras,
283 1174 311 1230 in
326 1174 388 1248 quls
403 1173 470 1230 urlls
484 1180 513 1228 et
525 1175 662 1248 templum
674 1174 788 1230 dicatal

105 1249 157 1304 lV.
199 1250 305 1318 Moses,
326 1252 383 1324 qub
404 1250 459 1306 sibi
477 1250 504 1306 in
526 1257 671 1324 posterum
691 1257 804 1324 gentem
824 1252 958 1324 firmaret,

62 1345 156 1384 novos
183 1328 263 1395 ritus,
286 1327 501 1402 contrariosque
526 1329 632 1386 ceteris
660 1329 823 1386 mortalibus
850 1329 957 1390 indidit.

65 1401 189 1460 Profana
211 1405 269 1462 illic
291 1403 394 1472 omnia,
406 1423 470 1478 quae
491 1405 565 1479 apud
578 1423 628 1462 nos
642 1423 745 1462 sacra:
768 1399 958 1464 rursum'con·

65 1499 149 1538 cessa
173 1481 246 1556 apud
267 1481 339 1548 illos,
361 1499 424 1556 quas
448 1483 527 1538 nobis
552 1483 666 1540 incesta.
709 1482 845 1557 Effigiem·
859 1484 959 1542 anima·

66 1558 112 1626 lis,
132 1576 188 1632 quo
210 1565 382 1615 monstrante
405 1575 534 1615 errorem
556 1559 687 1635 sitimque
710 1560 888 1636 depulerant,
908 1579 958 1636 pe-

64 1635 169 1692 netrali
192 1653 366 1705 sacravere3
387 1653 463 1693 ceso
489 1636 589 1705 ariete,
612 1633 742 1696 velutin
764 1638 959 1696 contumeliam
1070 1657 1073 1664 ·
1120 1633 1121 1658 ¹

65 1712 241 1770 Hammonis.
296 1711 353 1768 Bos
384 1731 497 1787 quoque
530 1713 700 1783 immolatur,
726 1735 810 1791 quem
833 1715 958 1792 AEgyptii

64 1790 141 1864 Apin
158 1790 268 1860 nolunt.
310 1789 366 1846 Sue
393 1790 541 1860 abstinent,
566 1793 701 1849 memoria
723 1793 820 1860 cladis,
840 1797 895 1867 qud
914 1794 957 1868 ip·

39 1923 41 1930 ,
64 1885 112 1924 sos
137 1867 246 1924 scabies
269 1866 409 1942 quondam
431 1873 605 1942 turpaverat,
620 1869 666 1925 cui
687 1869 714 1924 id
731 1869 830 1926 animal
842 1871 957 1927 obnoxi-

65 1963 147 2023 um.¹
177 1944 300 2020 Longam
323 1931 390 2000 oiim
416 1942 518 2001 famem
540 1945 650 2001 crebris
676 1945 766 2002 adhrm
784 1945 900 2019 jejuniis
920 1946 958 2004 sa·

64 2029 172 2079 lentur.
222 2021 258 2078 Et
284 2027 426 2096 raptarum
449 2019 561 2094 frugum
587 2029 788 2094 argumentum,
806 2022 885 2094 panis
907 2020 957 2078 Ju-

64 2097 163 2156 daicus
190 2100 267 2156 nullo
293 2099 444 2174 fermenta,
469 2099 583 2170 retinet.
634 2097 782 2172 ‘Septimo
807 2097 853 2154 die
873 2098 959 2157 otium

66 2176 242 2252 ‘placuisse'
269 2176 387 2232 ferunt:
418 2175 506 2250 ‘quia
526 2176 549 2232 is
576 2175 660 2232 finem
687 2175 813 2232 laborum
839 2175 957 2250 tulerit;

67 2253 157 2329 ‘dein
179 2254 339 2312 blandiente
362 2253 472 2320 inertia,
492 2253 641 2328 septimum
663 2271 776 2329 quoque
798 2271 899 2310 annum
919 2253 958 2329 ig-

67 2332 182 2388 ‘naviae
195 2331 309 2390 datum?
351 2331 405 2388 Alii
428 2331 588 2387 ‘honorem
609 2350 673 2389 enm
694 2331 813 2388 Saturno
834 2332 956 2389 haberi:
1037 2359 1039 2364 v

66 2417 151 2476 ‘seu,
174 2409 312 2484 principia
335 2407 477 2481 religionis
501 2408 673 2467 tradentibus
698 2407 790 2478 idaeis,
804 2428 874 2486 quoe
895 2415 959 2468 euin

67 2487 210 2543 ‘Saturno
234 2487 340 2560 pulsos,
358 2493 387 2542 et
408 2485 568 2543 conditores
591 2487 680 2560 gentis
707 2487 877 2561 accepimus,
897 2505 957 2554 seu,

67 2573 73 2597 ‘
89 2563 198 2640 quode
219 2570 329 2637 septem
350 2563 499 2630 sideribus,
514 2563 576 2637 quis
603 2563 736 2620 mortales
757 2569 904 2634 reguntur,
918 2564 957 2618 al·

19 2687 21 2692 ,
66 2642 197 2698 ‘tissima
221 2641 301 2719 orbe,
317 2648 346 2698 et
367 2640 512 2715 precipua
535 2641 670 2714 potentie,
684 2640 766 2695 stella
786 2638 896 2694 Saturni
916 2637 957 2695 t'e·

63 2728 72 2786 .‘
88 2725 191 2789 ratur3
214 2737 245 2774 ac
268 2719 408 2793 pleraque
433 2715 599 2783 celestium,
623 2715 680 2772 vim
699 2731 777 2771 suam
800 2720 830 2770 et
846 2731 958 2773 cursum

64 2805 72 2831 ‘
86 2796 224 2872 septimos
239 2813 293 2870 per
305 2809 437 2854 numeros
450 2791 621 2851 conficiant!

103 2873 141 2929 V.
184 2871 223 2928 Hi
246 2873 326 2941 ritus,
347 2869 562 2947 quoquomodo
588 2869 703 2938 inducti,
724 2868 887 2944 antiquitate
908 2870 957 2928 ds·
1024 2928 1029 2934 ,
1072 2898 1076 2908 ·

23 3010 27 3018 ,
63 2951 241 3009 tenduntur:
276 2957 373 3007 cetera
405 2945 541 3004 instituta
556 2946 676 3014 sinistra,
709 2944 793 3013 foeda,
819 2946 956 3022 pravitate

62 3029 193 3086 valuere.
247 3025 319 3082 Nam
346 3025 483 3100 pessimus
516 3023 661 3110 quisque,2
686 3023 789 3098 spretis
816 3023 956 3098 religioni·

61 3109 117 3163 bus
138 3103 247 3180 patriis,
260 3103 367 3160 tributa
386 3108 415 3158 et
435 3102 522 3176 stipes
545 3101 611 3158 illuc
634 3101 833 3174 congerebant.
875 3099 957 3159 Unde

63 3189 156 3240 auctae
177 3179 341 3237 ludaeorum
363 3197 434 3250 res;
455 3185 484 3235 et
507 3177 571 3252 quia
592 3178 666 3253 apud
689 3178 765 3252 ipsos
788 3176 858 3233 tides
872 3178 956 3233 obsti-

61 3267 140 3327 nata,
167 3257 361 3318 misericordia
392 3257 421 3312 in
453 3264 595 3330 promptu,
622 3255 672 3312 sed
699 3254 831 3312 adversus
861 3271 956 3311 omnes
980 3315 981 3320 .

62 3337 135 3394 alios
161 3335 264 3392 hostile
290 3334 394 3390 odium.
436 3331 562 3406 Separati
589 3331 691 3407 epulis,
717 3330 832 3387 disereti
858 3330 956 3386 cubili-

98 3493 114 3544 1
135 3490 168 3544 la
181 3489 242 3558 quta
253 3489 316 3543 urba
327 3493 352 3543 et
362 3479 485 3558 templum
496 3485 594 3540 dicata.
631 3486 674 3540 lta
692 3486 768 3539 dedit
786 3483 923 3540 Ernestus
939 3503 955 3541 ο

61 3561 140 3614 Flor.
153 3561 213 3612 sine
225 3559 311 3613 verbo
322 3563 387 3612 auat
399 3558 471 3626 quod
484 3558 513 3608 iu
525 3557 645 3625 vulgatis
657 3556 774 3609 additur.
897 3557 903 3570 '

96 3627 407 3698 ssPessimnsqun'nque.
444 3626 486 3678 De
498 3625 645 3692 proselytis
663 3627 776 3679 dietum.
813 3623 890 3678 Infra
903 3639 955 3695 pro

61 3705 86 3754 et
98 3697 175 3770 qnia,
187 3699 300 3766 conjicit
316 3697 448 3751 limestus
460 3704 488 3748 et
499 3693 612 3762 quidem.
677 3766 682 3780 ἱ

432 3867 436 3878 .
495 3784 522 3840 X
