2252 3958
63 375 86 449 t.
103 408 131 448 ο.
149 387 193 446 or.
286 349 454 447 'merore
472 387 546 448 sir.
565 377 719 450 errans
762 405 771 425 ·
900 389 955 456 ,se

65 517 196 594 ercitum·
210 535 362 594 descivisse
388 511 565 596 crederetur.
607 537 685 594 Tum
704 545 712 570 ‘
730 533 955 606 deoc-omnium
1026 579 1030 588 ,

66 622 75 649 ⁸
86 613 247 670 mortalium
257 613 438 687 impudicitia,
453 613 562 688 ignavia
574 613 697 680 luxurii,
709 613 889 680 deterrimos,
904 631 954 670 ve·
1062 674 1075 693 ,

65 699 73 723 ·
88 690 131 746 lut
144 689 177 745 ad
188 689 363 763 perdendum
376 689 526 764 imperinm
536 689 658 748 fataliter
668 691 795 757 electos,'
807 709 863 746 nnn
873 707 955 748 sans·

64 771 110 822 tus
123 766 207 823 modo
221 775 250 823 et
263 783 362 840 eques,
383 767 445 841 quls
459 767 552 842 aliqua
572 785 639 842 pars
652 775 681 822 et
693 785 765 826 cura
776 765 954 841 reipublicae,

64 843 116 899 sed
129 844 228 916 vulgus
241 860 354 919 qnoque
375 845 467 918 palam
489 861 623 902 moerere.
665 841 728 900 Nec
744 843 804 917 jam
830 841 957 900 recentia

64 937 151 976 savae
174 921 253 1007 pacis
278 920 421 995 exempla,
441 921 492 978 sed
512 920 644 994 repetitii
663 921 803 978 bellorum
828 920 955 978 civilium

66 999 204 1061 memoria
224 1004 358 1070 ‘captam
379 998 483 1053 totiens
507 998 565 1054 siris
576 997 749 1054 exercitibus
762 998 871 1066 urbem,
892 1014 954 1054 res·

63 1081 74 1105 ⁸
89 1072 199 1130 titatem
212 1072 312 1141 ltaliae,
324 1071 500 1146 direptiones
512 1073 731 1146 provinciarum.
773 1072 954 1141 Pharsaliam,

63 1152 73 1183 ⁴
91 1147 254 1222 Philippos,
274 1155 303 1204 et
326 1147 472 1203 Perusiam
485 1167 518 1205 ac
531 1147 687 1216 Mauram}
701 1155 766 1206 nota
778 1149 954 1222 publicarum

64 1223 195 1282 cladium
208 1223 329 1290 nomina,
348 1223 545 1298 loquebantur.
589 1223 702 1296 ‘Prope
713 1242 845 1288 eversum
857 1227 956 1282 orbem

61 1310 75 1336 ⁶
86 1301 175 1356 etiam
199 1318 265 1357 cum
290 1298 326 1356 de
349 1299 510 1374 principatu
523 1300 698 1357 interbonos
709 1307 886 1357 certaretur:
907 1301 957 1358 sed

64 1377 224 1434 ‘mansisse
239 1375 273 1432 C.
288 1375 378 1444 Julio,
402 1377 538 1434 mansisse
555 1377 673 1434 Caesare
696 1375 820 1448 Angusto
838 1377 958 1443 victore,

66 1453 243 1528 ‘simperium
252 1475 261 1527 3
283 1471 440 1510 mansuram
461 1451 559 1522 fuisse,
583 1454 636 1510 sub
649 1451 787 1528 Pompeio
800 1453 958 1530 Brutoque,

62 1530 301 1606 ‘rempublicam
344 1528 429 1586 Nunc
448 1549 502 1606 pro
516 1529 641 1599 Othone,
662 1549 697 1588 an
715 1549 768 1605 pro
783 1523 909 1602 Vitellio,
929 1529 959 1588 iu

63 1617 75 1641 ⁴
91 1607 197 1682 teinpla
209 1607 321 1664 ituros?
342 1605 484 1683 Utrasqne
497 1609 597 1685 impias
606 1627 719 1684 preces,
734 1615 851 1683 utraque
863 1609 958 1668 detes·

66 1693 74 1719 ⁶
91 1683 174 1740 tanda
186 1690 261 1753 vota,
281 1683 357 1741 inter
376 1684 459 1752 duos,
474 1704 593 1759 quorum
615 1686 691 1742 bello
711 1685 802 1742 solum
815 1685 843 1742 id
856 1687 958 1756 scires,

66 1771 74 1796 ⁶
88 1761 261 1820 deteriorem
274 1760 348 1829 sore,
361 1762 409 1835 qui
423 1761 558 1820 uicisset?
580 1762 678 1829 Erant,
686 1761 734 1836 qui
744 1760 958 1838 Vespasianum,

31 1903 36 1907 ,
67 1845 98 1894 et
124 1856 201 1894 arma
223 1837 348 1895 Orientis
372 1846 593 1910 augurarentur:
617 1845 656 1907 et,
677 1847 708 1896 ut
718 1839 812 1912 potior
837 1847 959 1914 utroque

66 1914 269 1988 Vespasianus,
295 1915 334 1971 ita
352 1915 460 1974 bellum
474 1916 560 1983 aliud,
574 1922 656 1989 atque
668 1915 736 1970 alius
750 1915 844 1972 clades
857 1917 959 1974 horre·

65 1994 144 2048 bant.
166 1989 202 2048 Et
215 1991 342 2064 ambigna
354 1991 390 2048 de
399 1989 575 2066 Vespasiano
589 1991 677 2047 lama:
691 1991 824 2065 solusque
835 1993 960 2052 omnium

67 2076 134 2125 ante
146 2087 177 2124 se
189 2067 363 2142 Principum,
376 2067 405 2124 in
416 2068 517 2124 melius
530 2074 651 2127 mutatus
665 2073 717 2124 est.

106 2144 161 2222 Ll²
172 2143 255 2202 Nunc
278 2144 356 2202 initia
375 2156 529 2220 causasque
543 2145 633 2200 motds
644 2143 786 2200 Vitelliani
800 2143 959 2217 expediam.

66 2223 154 2280 Caeso
178 2240 242 2278 cnm
265 2220 392 2280 omnibus
415 2221 506 2294 copiis
519 2221 596 2278 lulio
610 2219 741 2288 Vindice,
762 2219 842 2277 ferox
859 2221 961 2296 praetia

65 2299 215 2374 gloriaque
226 2299 378 2366 exercitus,
392 2305 423 2354 nt
436 2299 492 2367 cui,
506 2299 566 2356 sine
578 2299 674 2354 labore
685 2315 717 2354 ac
731 2297 869 2372 periculo,
882 2297 960 2358 ditis·

66 2377 131 2433 simi
140 2375 208 2433 belli
221 2375 503 2444 victoria‘evenisset,
513 2375 722 2450 expeditionem
733 2383 763 2432 et·
772 2376 871 2444 eciem,
883 2395 959 2452 pre-

65 2453 136 2510 mial
165 2453 257 2528 quim.
274 2449 412 2528 stipendia
431 2453 570 2510 malebat:
592 2454 696 2528 diuque
716 2451 919 2512 infructuosam
932 2462 962 2512 et

67 2548 200 2604 asperam
222 2530 348 2586 militiam
369 2528 561 2598 toleraverat,
573 2530 684 2603 ingenio
698 2531 754 2586 loci
764 2531 913 2603 coeliqne,2
932 2539 963 2587 et

67 2608 234 2674 severitate,
261 2605 437 2678 discipline,
459 2625 543 2678 quam
563 2607 592 2662 in
605 2625 675 2678 pace
689 2599 893 2660 inexorabilem
905 2607 960 2664 dis·

67 2684 176 2745 cordiae
188 2682 296 2740 civium
304 2681 460 2745 resolvunt,
470 2683 574 2753 paratis
588 2682 729 2752 utrimque
738 2681 962 2754 corruptoribus,

69 2769 97 2820 et
108 2756 387 2836 perfidiaimpunita.
429 2753 503 2819 Viri,
518 2773 603 2820 arma,
618 2755 695 2827 equi,
712 2754 747 2808 ad
769 2770 859 2821 usum,
875 2761 910 2811 et
929 2757 962 2812 ad

68 2840 170 2904 decus,
198 2836 376 2906 supererant.
418 2829 474 2885 Sed
488 2835 552 2885 ante
571 2830 688 2897 bellum,
709 2829 848 2886 centurias
858 2833 963 2892 tannim

69 2933 134 2972 suas
143 2920 309 2984 turmasque
318 2914 457 2964 noverant
468 2929 474 2962 :
491 2907 632 2964 exercitus
643 2906 745 2964 finibus
752 2908 962 2982 provinciarum

69 2989 316 3048 discernebantur.
359 2983 435 3042 Tum
449 2984 582 3043 adversis
597 2984 745 3044 Vindicem
758 2993 909 3046 contractas
920 2990 961 3048 le-

69 3068 180 3142 giones,
200 3082 289 3138 seque
303 3069 333 3120 et
345 3061 452 3119 Gallias
464 3070 602 3136 expertae,
617 3082 749 3139 quaerere
763 3083 861 3122 rursus
871 3085 960 3135 arma,

25 3187 27 3204 .
70 3161 216 3218 novasque
230 3140 402 3197 discordias:
424 3158 477 3197 nec
492 3150 499 3174 ‘
516 3142 628 3209 socios?
647 3149 677 3197 nt
690 3141 767 3209 olim,
780 3143 831 3198 sed
845 3151 853 3176 ⁶
866 3144 964 3198 hostes

26 3247 27 3250 ¹
73 3218 239 3278 ‘strictos’
260 3219 407 3275 vocabant.
448 3215 513 3274 Nec
526 3216 626 3273 deerat
638 3235 704 3289 pars
717 3217 884 3283 Galliarum,
898 3235 962 3288 quas

28 3381 30 3454 ᾗ
65 3338 67 3344 ¹
107 3372 271 3426 lProoeme'u.
307 3369 427 3452 Proedas,
440 3341 961 3452 quo'seusuvocemproemiusumios-

72 3443 162 3495 ’Μὴ
175 3437 727 3562 minin-'⁸²14hv¹¹illdlllt⁸⁹lra
735 3503 766 3556 -ε
787 3503 823 3558 so
854 3505 950 3560 am

73 3511 257 3634 nimium&
269 3525 372 3631 ididia
429 3545 605 3629 ''weurc
729 3541 775 3571 .,
824 3541 831 3556 ⁹
966 3567 976 3618 ἰ
