2214 3986
158 357 212 416 ros
403 386 412 396 Νι
434 304 468 416 οζ
485 355 599 444 coar.
618 353 755 426 rucrrr
841 370 870 408 r.
888 369 915 410 u.
933 349 1035 411 assu.

156 495 187 564 in
200 487 262 564 sinu
275 504 321 564 dei
334 505 461 564 sacravit.
478 487 485 500 ⁵
502 505 620 562 Sabinus
633 510 664 561 et
676 502 795 570 Atticus,
808 501 918 559 onerati
931 501 1041 572 catenis,

158 590 188 640 et
200 583 234 640 ad
254 583 398 652 Vitellium
418 581 504 651 ducti,
517 599 695 656 nequaquam
715 579 816 638 infesto
837 597 969 637 sermone
985 580 1042 635 vul-

158 667 246 736 tuque
268 661 455 734 ercipiuntur,
477 657 672 726 frementibus,
686 659 734 732 qui
750 657 803 732 jus
822 655 920 724 caedis,
934 664 963 714 et
975 669 1043 732 prae·

159 737 213 794 mia
226 745 333 795 navatae
347 755 456 811 opere,
471 736 615 810 petebant.
657 734 792 791 Clamore
803 753 822 789 a
831 733 966 808 proximis
975 739 1045 800 orto,

159 814 270 870 sordida
291 831 356 887 pars
375 813 467 888 plebis
490 809 661 887 supplicium
680 811 776 868 Sabini
800 810 942 884 exposcit,
963 809 1047 866 urinas

159 890 387 964 adulationesque
413 891 521 947 miscet.
573 889 698 963 Stantem
719 890 777 962 pro
801 887 933 960 gradibus
958 885 1044 960 palatii

159 965 315 1042 Vitellium,
329 973 359 1023 et
379 977 481 1042 preces
501 974 657 1042 parantem,
671 965 824 1040 pervicere
844 970 875 1020 ut
895 963 1043 1021 absisteret.

160 1041 237 1102 Tum
262 1042 423 1100 confossum
448 1045 726 1118 conlaceraturuque‚
753 1048 781 1097 et
809 1040 935 1098 abscisso
961 1037 1043 1114 oapite

159 1123 291 1176 truncum
303 1139 407 1196 corpus
422 1121 514 1178 Sabini
527 1121 556 1177 in
569 1120 721 1178 Gemonias
735 1119 857 1177 trahunt.
922 1139 926 1146 ·

198 1196 317 1256 LXXV.
360 1198 415 1257 Hic
430 1199 519 1257 exitus
533 1197 587 1255 viri
600 1197 749 1264 baudsane
760 1194 924 1270 spernendi.
967 1193 1045 1264 Quin·

162 1290 219 1348 que
242 1283 271 1332 et
287 1277 401 1350 triginta
420 1277 454 1334 sti
494 1269 558 1333 ndia
577 1275 606 1331 in
619 1274 767 1348 republica
777 1271 899 1338 lecerat,
913 1272 989 1328 domi
1001 1270 1044 1328 mi·

154 1349 288 1427 litiaeque
302 1355 404 1411 clarus.
445 1351 635 1409 Innocentiam
652 1348 931 1426 justitiamqueejns
944 1368 997 1410 non
1009 1365 1046 1404 ar-

162 1446 289 1502 gueres:
312 1447 405 1486 sermo
426 1430 432 1440 '
467 1429 567 1486 nimius
585 1435 668 1507 erat:
692 1427 719 1484 id
737 1445 823 1484 unum
837 1433 949 1501 septem
969 1425 1047 1493 annis,

165 1505 265 1578 quibus
286 1505 434 1574 Moesiam3
461 1505 620 1573 duodecim,
635 1505 736 1579 quibus
757 1501 961 1578 prefecturam
979 1501 1047 1558 urbis

164 1579 293 1647 obtinuit,
307 1582 488 1638 calumniatus
511 1589 554 1645 est
566 1589 692 1639 ‘rumori
715 1582 744 1638 in
764 1580 821 1636 fine
842 1581 920 1648 ritae,
936 1580 981 1636 alii
994 1597 1047 1651 seg·

164 1673 239 1722 nem,
265 1653 344 1713 mulli
370 1658 557 1726 moderatum,
584 1667 613 1715 et
638 1659 743 1716 civium
772 1656 913 1748 sauguinis
942 1673 1048 1732 parcum

164 1732 323 1788 credidere.
364 1733 446 1802 Quod
464 1735 538 1792 inter
558 1754 655 1792 omnes
676 1735 846 1802 constiterit,
867 1743 933 1791 ante
953 1733 1048 1808 princi·
1085 1765 1088 1772 ·

164 1814 259 1882 patum
282 1807 459 1884 Vespasiani,
482 1811 568 1870 decus
591 1813 688 1868 demtis
714 1830 804 1887 penes
831 1812 964 1868 Sabinum
984 1817 1047 1866 erat.

62 1941 66 1948 ,
107 1894 111 1910 ‘
165 1883 282 1942 Caedem
304 1887 365 1974 ejus
385 1889 477 1947 laetam
495 1887 582 1945 luisse
604 1889 737 1961 Muciano
756 1889 927 1963 accepimus.
970 1887 1048 1945 Fere·

164 1963 231 2018 bant
253 1965 384 2040 plerique
407 1974 415 2000 ‘
431 1965 514 2022 etiam
533 1965 597 2040 paci
609 1968 778 2034 consultum,
791 1967 932 2041 dirempti
947 1965 1048 2023 emula·

166 2047 173 2076 ‘
189 2039 266 2100 tione
280 2042 356 2100 inter
367 2041 447 2110 duos,
462 2061 583 2120 quorum
601 2043 673 2099 alter
761 2051 850 2100 atrem
863 2042 1049 2116 lmperatoris,

167 2126 174 2152 ‘
190 2119 261 2176 alter
274 2129 434 2184 consortem
447 2043 824 2262 imperiicogitarffed
834 2119 976 2188 Vitellius,
990 2139 1048 2176 con·

165 2195 234 2258 sulis
256 2198 425 2271 supplicium
451 2197 578 2273 poscenti
606 2215 681 2271 popu
768 2197 846 2267 stitit,
866 2198 1001 2272 placatus,
1023 2214 1049 2253 ac

167 2272 246 2328 velut
265 2273 358 2329 vicem
378 2275 511 2342 reddens,
525 2274 602 2350 quod
615 2274 851 2348 interrogantibus
872 2284 880 2308 ‘
896 2277 958 2349 quis
972 2273 1049 2348 Capi·

168 2354 175 2386 t
190 2347 288 2403 tolium
299 2347 490 2418 incendisset,’
505 2370 537 2407 se
550 2369 632 2408 reum
645 2351 753 2409 Atticus
768 2351 918 2410 obtulerat.
960 2351 1049 2426 Eique

166 2419 361 2510 confessione,
377 2425 438 2484 sive
457 2427 557 2501 aptum
573 2428 891 2509 temporimendacium
910 2428 973 2498 tuit,
986 2429 1049 2486 inri-

102 2532 107 2542 ι
167 2499 241 2555 diam
261 2518 425 2577 crimenque
446 2504 605 2577 agnovisse,
620 2513 650 2563 et
669 2507 825 2581 apartibus
839 2506 947 2564 Vitellii
960 2506 1048 2566 amoli-

260 2568 264 2578 ι

29 2549 33 2554 .
64 2652 68 2658 ι
168 2583 211 2636 tus
224 2577 382 2636 videbatur.

206 2655 338 2713 LXXVI.
380 2656 483 2716 lisdem
507 2660 607 2720 diebus
633 2661 667 2718 L.
692 2661 835 2730 Vitellius,
861 2662 957 2738 positis
984 2659 1050 2736 apud

66 2743 69 2747 ’
169 2733 317 2793 Feroniam
338 2737 447 2806 castris,
462 2738 572 2795 excidio
591 2739 757 2796 Tarracinae
778 2740 960 2812 imminebat;
980 2739 1049 2795 clau-

168 2811 205 2880 sis
231 2813 289 2868 illic
321 2814 519 2886 gladiatoribus
546 2816 766 2892 remigibusque,
794 2819 842 2893 qui
875 2837 930 2874 non
959 2813 1049 2890 egredi

168 2890 279 2957 moenia,
293 2909 386 2966 neque
399 2893 557 2967 periculum
570 2893 599 2950 in
618 2901 717 2967 aperto
732 2893 879 2952 audebant.
920 2894 1049 2956 Praeerat,

168 2969 306 3041 utsupra
331 2970 561 3037 memoravimus,
583 2969 711 3030 Julianus
737 2972 943 3046 gladiatoribus,
969 2970 1049 3044 Apol·

167 3041 262 3130 linaria
302 3045 463 3123 remigibus,
497 3047 615 3109 lascirii¹
650 3050 836 3124 socordiaque
876 3049 1051 3122 gladiatorum

167 3138 262 3208 magis,
289 3122 496 3194 quam‘ducum
518 3123 633 3186 similes,
675 3125 741 3183 Non
764 3125 871 3200 vigilias
895 3143 987 3200 agere,
1000 3140 1051 3179 non

167 3205 254 3254 intuta
275 3199 408 3254 moenium
431 3199 555 3268 firmare,
576 3210 660 3260 noctu
681 3203 786 3278 dieque
807 3202 887 3269 fluxi,
901 3210 931 3259 et
949 3217 1050 3258 amoena

168 3274 280 3359 litorum
312 3284 504 3348 personantes,
532 3277 560 3333 in
594 3279 779 3342 ministerium
810 3280 890 3336 luxtls
912 3276 1049 3351 *dispersis

168 3345 311 3417 militibus,
331 3352 367 3407 de
387 3353 464 3410 bello
483 3354 588 3410 tantiun
608 3355 683 3412 inter
705 3356 837 3413 convivia
860 3357 1047 3431 loquebantur.

168 3419 274 3477 Paucos
287 3432 359 3510 39.oe
381 3427 441 3484 dies
468 3429 636 3488 discesserat
656 3432 774 3506 Apinius
799 3433 893 3502 Tiro,
921 3430 1050 3504 donisque

135 3539 139 3542 .
169 3507 201 3570 oc
218 3510 347 3589 pecuniis
373 3503 475 3558 acerbe
501 3523 555 3576 per
581 3509 732 3582 municipia
758 3509 969 3587 conquirendi&
991 3507 1050 3586 plus

168 3565 279 3652 ¹invidus
293 3587 376 3642 quam
388 3577 491 3636 virium
503 3582 630 3654 partibus
643 3585 772 3646 addebat.
