2214 3986
21 317 22 320 ’
64 315 176 386 aedit.
239 265 241 280 Ι
280 313 434 374 ΗΙΒΤΟΕ
454 313 526 376 uu.
544 315 723 376 ruarmo.
897 318 950 378 159

65 465 241 528 ‘bellorum
264 463 389 522 cirillum
418 463 539 523 fortune
572 462 770 540 permittenda,
802 461 949 524 victoriam

64 541 206 600 ‘consiliis
227 549 267 599 et*
280 542 390 599 ratione
416 542 525 616 perfici.
574 542 638 600 lam
663 541 855 598 Misenensem
879 543 950 600 clas·

21 615 23 696 [
65 629 154 688 ‘sem‚
180 626 210 677 et
235 619 455 694 pulcherrimam
480 619 641 695 Campaniae
668 637 746 676 oram
771 617 950 677 descivisse:

64 705 138 754 ‘nec
162 698 237 772 plus·
251 715 270 754 e
295 704 353 772 toto
379 704 521 754 terrarum
553 699 624 754 orbe
656 697 798 772 reliquum
823 693 951 766 Vitellio,

21 785 22 844 l
64 775 167 848 ‘qpam
199 774 275 849 quod
306 774 382 831 inter
415 775 600 832 Tarracinam
631 773 822 850 Narniamque
843 773 951 850 jacent.

21 845 22 896 ἶ
64 851 154 908 ‘Satis
176 851 274 926 gloriae
296 851 399 926 proelio
421 851 607 911 Cremonensi
628 860 751 926 parterm,
770 851 856 912 exitio
878 850 951 909 Cre·

63 935 185 997 ‘monae
212 928 327 985 nimium
352 927 490 986 invidiae:
520 947 556 984 ne
577 930 811 1004 concupiscerent
834 927 951 988 Romam

21 1039 23 1080 ,
63 1013 189 1079 ‘capere
210 1006 313 1079 potiris,
328 1023 411 1078 qnam
431 1023 566 1062 servare:
589 1005 696 1078 majora
714 1005 769 1061 illis
783 1007 909 1080 praemia,
923 1013 953 1064 et

63 1091 70 1116 ⁴
83 1083 173 1140 multi)
194 1082 345 1138 maximum
358 1081 456 1149 decus,
469 1081 493 1138 si
505 1082 723 1138 incolumitatem
741 1083 848 1140 senatui
861 1101 951 1160 popu-

63 1168 69 1193 ‘
83 1161 174 1232 loque
186 1157 312 1213 Romano
326 1157 386 1214 sine
400 1160 531 1232 sangnine
545 1158 733 1234 quaesissent)

98 1235 177 1292 LXI.
218 1233 276 1290 Hic
289 1251 321 1292 ac
334 1235 435 1292 talibus
449 1235 563 1308 mitigati
577 1235 670 1290 animi.
712 1231 776 1290 Nec
789 1235 955 1310 munopsst

21 1321 23 1390 ξ
63 1313 186 1386 legiones
209 1312 327 1368 vendre.
368 1311 405 1370 Et
427 1320 539 1370 terrore
560 1311 689 1387 famique
711 1311 784 1368 aucti
803 1313 954 1380 exercitlls,

21 1391 22 1414 ³
63 1389 219 1446 Vitellianae
246 1389 379 1446 cohortes
405 1392 546 1458 nutabant,
570 1389 648 1447 nullo
673 1389 701 1446 in
722 1389 830 1446 bellum
853 1388 955 1444 adhor-

63 1465 151 1535 tante,¹
166 1465 261 1523 multis
283 1466 318 1524 ad
340 1467 541 1536 transitionem,
565 1467 614 1543 qni
637 1486 703 1525 snas
727 1465 870 1524 centurias
895 1471 955 1522 tur·

21 1549 22 1554 ’
63 1561 175 1619 masque
202 1543 326 1612 tradere,
352 1545 456 1602 donum
481 1545 583 1602 victori
607 1553 641 1602 et
671 1545 724 1603 sibi
751 1545 780 1601 in
809 1549 956 1619 posterum

62 1621 185 1695 gratiam,
208 1623 359 1692 certabant.
407 1621 533 1680 Peneos
555 1623 696 1697 cognitum
717 1631 770 1690 est,
793 1623 954 1682 ‘Interam-

63 1707 151 1757 ‘nam
190 1699 324 1774 proximis
364 1700 469 1774 campis
515 1699 648 1775 praesidio
687 1700 955 1777 quadringentorum

21 1819 22 1854 3
63 1776 212 1852 ‘equitum
231 1777 344 1836 teneri.'
386 1776 489 1834 Missus
510 1771 654 1852 extemplo
668 1775 773 1845 Varus,
787 1795 852 1836 cnm
865 1795 954 1852 expe·
999 1797 1001 1802 ’

21 1863 22 1888 ³
62 1852 115 1910 lita
154 1871 237 1912 manu
269 1873 373 1930 pancos
413 1856 626 1930 repugnantium
669 1855 811 1913 interfecit
857 1855 955 1929 plures

60 1931 177 2006 abjectis
198 1932 291 1999 armis,
305 1933 417 1988 veniam
436 1934 590 2007 petivere:
613 1932 725 2006 quidam
746 1932 775 1988 in
794 1938 888 1989 castra
908 1949 955 1988 re·

58 2006 128 2082 fugi,
152 2015 253 2065 cuncta
278 2000 427 2066 formidine
453 2009 617 2076 implebant.
644 2009 770 2086 augendo
796 2007 956 2066 rumoribus

21 2143 25 2160 Α
58 2083 194 2140 virtutem
216 2081 372 2156 copiasque
395 2076 527 2144 hostium,
555 2080 612 2152 quo
636 2078 727 2134 amissi
754 2079 881 2152 praesidii
906 2081 955 2136 de·

58 2159 146 2225 decus
169 2159 301 2214 lenirent.
344 2153 407 2212 Nec
431 2155 487 2210 ulla
508 2154 581 2229 apud
601 2153 767 2222 Vitellianos
786 2153 882 2228 flagitii
896 2173 955 2229 poe.

59 2253 116 2290 na:
140 2242 171 2290 et
193 2233 317 2308 premiis
338 2232 524 2300 desertorum,
538 2249 608 2289 vera
628 2231 698 2288 fides
715 2231 735 2302 3¹
758 2251 791 2290 ac
812 2232 956 2309 reliquum

58 2309 180 2384 perfidia
205 2318 372 2367 certamen:
395 2311 497 2367 crebra
517 2309 668 2383 transfugia
688 2311 866 2368 tribunorum
886 2329 954 2368 cen-

59 2387 284 2462 turionumque3
317 2405 381 2444 nam
412 2387 557 2462 gregarius
589 2388 671 2445 miles
704 2388 869 2446 induruerat
902 2408 955 2466 pro

61 2463 190 2533 Vitellio,
213 2465 304 2521 donec
326 2463 439 2522 Priscus
465 2473 494 2522 et
514 2466 672 2540 Alphenus,
698 2466 819 2524 desertis
844 2467 954 2536 castris,

62 2541 99 2676 ³21
116 2541 266 2600 Vitellium
291 2543 423 2615 regressi,
445 2543 555 2618 pudore
575 2543 741 2619 proditionis
764 2550 880 2600 cunctos
904 2561 953 2600 ex·

60 2636 71 2674 s
100 2626 213 2678 vorent.
558 2624 563 2634 '

21 2761 22 2764 Ἰ
84 2695 191 2753 ·LXll.
233 2697 335 2758 lisdem
355 2698 464 2763 diebus,
479 2695 581 2755 Fabius
602 2695 707 2756 Valens
722 2695 834 2762 Urbini,
848 2694 877 2751 in
890 2715 952 2755 cus·

21 2779 22 2786 ’
59 2774 145 2844 todia,
159 2773 337 2832 interficitur.
379 2773 472 2847 Caput
486 2773 546 2848 ejus
561 2771 719 2830 Vitellianis
732 2772 897 2828 cohortibus
908 2793 952 2832 os·

21 2879 22 2888 κ
59 2843 206 2921 tentatum,
219 2871 256 2908 ne
279 2869 362 2928 quam
379 2851 453 2908 ultra
466 2867 546 2924 spem
565 2848 716 2905 foverent:
739 2867 802 2904 nam
828 2857 953 2924 ‘perva-

21 2969 23 3006 ,
60 2930 153 2986 ‘sisse
177 2929 206 2988 in
228 2929 394 2987 Germanias
415 2927 573 2996 Valentem,
588 2933 617 2984 et
638 2932 754 2983 veteres
773 2926 954 2984 illic'noros·

21 3021 23 3050 τ
59 3012 139 3081 ‘que
153 3007 297 3064 exercitus
310 3007 399 3064 olere’
414 3005 587 3062 Credebant.
629 3002 697 3059 viss
710 3003 799 3072 cede,
814 3004 842 3059 in
852 3003 952 3080 despe-

21 3083 22 3086 ’
60 3085 199 3142 rationem
212 3085 289 3142 versi
306 3090 365 3141 :et
384 3083 533 3141 Flavianus
557 3081 710 3150 exercitus,
724 3082 844 3141 immane
867 3095 951 3156 quan·

21 3273 23 3332 ζ
94 3262 259 3318 lPrema's's
278 3264 434 3333 defectorum
453 3280 514 3317 veru
525 3263 604 3332 fides.
651 3261 769 3316 Fiducia
791 3259 879 3325 firma,
911 3273 952 3313 ure
1008 3325 1011 3330 Ι
1084 3289 1085 3296 1

21 3347 22 3350 ’
63 3335 179 3398 proemia
196 3335 354 3388 defectores
372 3335 554 3402 accepissent,
567 3332 641 3400 apud
653 3347 701 3385 eos
712 3347 853 3396 mensura,
864 3347 899 3383 va
934 3337 948 3350 “·

21 3413 23 3458 ζ
63 3405 192 3458 centibus
213 3405 316 3472 qnippe
334 3403 498 3472 Vespasiani
519 3402 652 3472 partibus.
688 3401 809 3454 Codices
824 3400 951 3454 meaha-

63 3467 130 3526 bent
152 3473 232 3527 rerba
242 3473 333 3542 fides:
358 3475 432 3528 unde
450 3473 570 3527 Ernesto
593 3472 716 3526 venitin
738 3475 951 3526 mentemrertu

21 3567 22 3570 ¹
56 3534 127 3604 fides
133 3559 145 3608 3
163 3554 195 3600 ut
207 3545 283 3613 apud
295 3543 452 3610 Horatium,
464 3548 487 3598 et
495 3541 592 3614 segetis
600 3541 746 3612 certafidss
757 3557 826 3598 mae.
941 3560 943 3564 ’
