2214 3986
153 339 206 401 156
242 373 249 385 ·
414 343 447 398 G.
465 341 581 400 CORN.
599 343 736 407 'raom
814 367 817 374 ·
841 359 870 398 s.
888 358 915 399 u.
934 357 961 399 c.
977 339 1039 402 W.

121 566 125 574 1
152 498 246 552 csstm
266 491 354 560 venit,
366 490 490 548 incertus
513 491 607 561 animi,
627 497 657 546 et
678 489 769 547 infidis
792 487 917 547 consiliis
935 487 1039 556 obnox
1091 445 1093 604 ι

151 568 205 632 ιιιε.

191 646 266 704 LVl.
308 615 490 702 concionanti
512 641 718 720 (prodigiosdm
730 643 821 721 dictu)
835 650 943 701 ιιιιιιιιιιι
955 643 1036 701 soeda·
1092 643 1093 720 ι

153 739 216 781 rum
239 721 386 780 volucrum
408 721 636 797 supervolitavit,
659 728 691 777 ut
712 723 787 778 nube
810 723 872 778 atra
893 721 969 778 diem
990 721 1036 778 ob·

152 801 309 858 tenderent.
360 799 486 857 Accessit
508 798 601 856 dirum
626 817 719 866 omen,
746 797 882 873 profugus
909 797 1093 856 altaribus
1092 830 1093 858 l

151 881 256 944 ιιιιιιιι,
277 875 394 952 disjecto
412 875 542 933 sacrificii
563 883 708 950 apparatu,
725 875 818 963 longe,
832 893 886 931 nec
899 875 949 932 ubi
962 873 1037 934 feriri

150 953 254 1011 hostias
268 972 327 1010 mos
342 962 394 1022 est,
408 951 561 1012 confossus
603 953 660 1008 Sed
680 953 855 1026 precipuum
872 951 944 1040 ipse
952 950 1037 1008 Vitel-

149 1030 203 1086 lius
225 1037 365 1088 ostentum
390 1037 461 1094 erat,
479 1030 591 1117 ignarus
616 1012 734 1097 militiae,
756 1015 944 1103 improvidns'
952 1028 1039 1084 consi

149 1105 232 1176 ιιι;6
249 1108 392 1183 quisordo
410 1107 545 1180 agiminis,
560 1125 624 1180 quae
637 1123 717 1174 cura,
727 1072 909 1192 explorandi,
924 1113 1038 1179 quantus

83 1197 86 1206 ’
151 1185 301 1257 ‘urgendo
314 1185 487 1242 trahendove
508 1185 584 1240 bello
603 1183 723 1246 modus’
738 1182 806 1239 alios
820 1183 954 1255 rogitans,
968 1188 997 1238 et
1008 1179 1039 1238 ed

151 1267 248 1320 omnes
269 1263 390 1331 nuntios,
411 1264 491 1320 vultu
506 1279 619 1336 quoque
642 1269 672 1317 ct
693 1261 806 1317 incessu
827 1259 967 1334 trepidus,
977 1258 1038 1315 dein

149 1342 330 1396 temulentus.
372 1340 520 1396 Postremo
542 1338 626 1394 taedio
646 1331 813 1405 castrorum,
832 1335 1038 1394 auditaedefeo·

149 1422 227 1473 tione
241 1415 409 1477 Misenensis
422 1416 528 1482 classis,
542 1413 661 1471 Romam
674 1415 805 1473 revertit.
819 1413 1039 1470 recentissimum

150 1494 283 1567 quodque
305 1495 404 1548 vulnus
426 1511 543 1566 pavens,
564 1493 663 1548 summi
684 1490 879 1548 discriminis
872 1490 1037 1546 incuriosus.

150 1568 222 1624 Nam
255 1569 319 1624 cnm
350 1570 506 1642 transgredi
538 1569 727 1643 Apenninum,
760 1569 869 1640 integro
902 1567 1039 1624 exercitos

149 1646 193 1702 sui
207 1645 322 1713 robore,
337 1652 365 1701 et
385 1644 473 1702 fessos
486 1646 588 1702 «bieme
602 1655 685 1720 atque
698 1645 793 1719 inopia
806 1645 902 1701 hostes
917 1643 1039 1730 adgredi,

149 1719 179 1776 in
199 1729 297 1796 aperto
320 1721 417 1792 soret,
438 1721 504 1778 dum
526 1723 662 1796 dispergit
688 1722 775 1790 vires,
787 1717 967 1778 acerrimum
991 1721 1039 1776 ini·

149 1797 239 1865 litem,
253 1806 282 1854 et
295 1817 385 1875 usque
405 1801 433 1856 in
454 1807 580 1863 extrema
600 1800 779 1865 obstinatum,
790 1797 985 1865 trucidandum
998 1814 1039 1854 ca·

149 1840 341 1962 piendumqne
359 1877 483 1944 tradidit,
497 1877 673 1952 peritissimis
695 1875 891 1934 centurionum
913 1874 1040 1930 dissenti-

150 1951 271 2018 entibus,
294 1963 333 2020 et,
355 1955 378 2006 si
404 1956 630 2018 consulerentur,
654 1971 725 2008 vera
747 1952 873 2009 dicturis.
914 1952 1041 2009 Arcnere

151 2030 304 2095 eosintimi
325 2029 479 2087 amicorum
499 2028 608 2095 Vitelli,
621 2028 662 2084 ita
674 2027 798 2085 formatis
813 2026 956 2116 Principis
970 2027 1044 2084 auri·
1091 2039 1092 2052 *

150 2108 215 2174 bus,
228 2115 259 2164 nt
272 2125 382 2181 aspera,
398 2125 461 2182 quae
481 2106 569 2173 utilia,
584 2123 636 2162 nec
651 2103 812 2178 quidquam,
826 2106 879 2159 nisi
871 2104 1041 2178 jucundum
1091 2141 1092 2144 =

151 2191 181 2241 et
194 2185 327 2241 laesurum
341 2185 494 2258 acciperet.
1091 2223 1092 2252 ,

190 2261 280 2315 LVII.
330 2261 386 2315 Sed
411 2262 530 2317 classem
556 2259 747 2317 Misenensem
771 2258 891 2336 (tantum
914 2259 1041 2316 civilibus
1091 2265 1092 2326 i

150 2335 298 2393 discordiis
332 2336 415 2390 etiam
444 2337 618 2424 singulorum
651 2338 768 2408 audacia
791 2335 880 2413 valet)
909 2327 1092 2392 Claudius
1091 2363 1092 2402 ς

151 2407 175 2471 F
177 2410 333 2476 aventinus
347 2413 486 2480 centurio,
499 2429 553 2486 per
572 2413 777 2485 ignominiama
794 2414 885 2469 Galba
905 2395 1039 2478 dimissus,

150 2486 387 2546 addeseotionem
406 2488 500 2557 traxit,
524 2489 596 2546 fictis
618 2490 784 2566 Vespasiani
807 2490 936 2564 epistolis
957 2489 1040 2564 preti-

150 2583 199 2626 um
212 2565 377 2640 proditionis
388 2572 537 2622 ostentans.
580 2567 708 2626 Praeerat
717 2569 799 2625 classi
810 2567 945 2624 Claudius
958 2566 1040 2640 Apol-

151 2643 248 2703 linaris
258 2662 352 2719 neque
366 2643 432 2700 fidei
445 2651 584 2714 constans3
597 2664 692 2720 neque
712 2654 842 2702 strenuus
861 2644 891 2702 in
905 2643 1039 2719 perfidis.

125 2729 182 2779 ιιι
201 2720 319 2796 Apinius
344 2719 427 2789 Tiro,
448 2725 575 2797 praetura
594 2721 717 2791 firnctus,
742 2741 773 2779 ac
793 2731 853 2778 tum
873 2720 949 2778 sorte
972 2720 1041 2776 Min·

152 2799 241 2856 turnis
248 2817 359 2886 agens,
373 2765 474 2855 dudem
496 2817 527 2855 se
547 2798 739 2882 defectoribus
759 2799 884 2855 obtulit:
907 2798 1042 2874 aquibus

152 2875 305 2950 municipia
325 2876 501 2950 coloniaque
520 2877 679 2951 impulsa:
703 2863 852 2970 praecipuo
876 2873 1042 2933 Puteolano·

153 2971 216 3009 rum
235 2953 264 3008 in
278 2951 482 3026 Vespasianum
499 2954 601 3022 studio,
619 2954 718 3010 contra
737 2952 836 3026 Capua
849 2949 967 3009 Vitellio
982 2951 1042 3020 fida,

152 3029 351 3103 municipalem
381 3030 589 3087 emulationem
613 3031 697 3087 bellis
723 3030 853 3087 civilibus
880 3030 1041 3086 miscebant.

152 3104 203 3162 Vit
204 3106 295 3174 allius,
315 3103 464 3162 Claudium
484 3106 628 3164 lulianum
665 3109 688 3164 is
707 3125 799 3183 nuper
816 3105 937 3164 dassem
960 3106 1043 3162 Mise-

154 3200 270 3240 nensem
291 3182 401 3239 molli'
393 3184 513 3258 imperio
539 3191 655 3241 rexerat
696 3183 905 3258 permulcendis
929 3184 1046 3242 militum

154 3260 251 3316 animis
274 3260 401 3333 delegit:
433 3260 548 3317 datam
572 3260 708 3318 auxilium
734 3260 849 3324 Urbana
874 3261 993 3329 cohors,
1019 3263 1045 3316 et

152 3334 339 3403 gladiatores,
362 3336 443 3394 uibus
456 3335 584 3394 Julianus
597 3344 729 3412 praeerat.
772 3337 812 3393 Ut
830 3337 933 3416 collata
946 3338 1042 3394 utrim-

155 3419 210 3477 que
231 3417 331 3480 castra,
320 3355 427 3482 baud
446 3415 543 3486 magna
565 3413 741 3472 cunctatione
763 3411 907 3473 Juliauo
899 3409 930 3473 ιιι
952 3420 1044 3492 partes

139 3535 150 3594 ι
