2252 3958
153 323 205 430 'so
341 409 344 415 .
458 331 777 430 ccoan'rsomr
862 369 1061 428 sanam.

148 580 151 590 ,
174 527 239 579 ‘tos
257 521 286 579 in
306 519 426 594 agmine,
449 527 496 578 aut
515 515 842 595 damascenorum
854 519 1003 576 molientes
1013 519 1060 576 ad·

173 609 180 634 ‘
195 599 384 674 graderetur!
426 597 555 654 Titianus
569 607 599 654 et
612 597 760 663 Proculus,
773 595 823 652 ubi
832 596 957 652 consiliis
967 597 1058 654 vince-

173 676 325 744 rentur,ad
333 676 381 750 jus
392 673 504 749 imperii
514 675 678 730 transibant.
719 673 824 730 Aderat
831 671 898 728 sane
908 673 980 730 citus
989 690 1058 748 equa

173 753 304 820 Numida,
328 769 393 809 cum
413 752 552 811 atrocibus
571 751 716 818 mandatis,
737 749 838 824 quibus
858 747 946 818 Otho,
970 750 1057 807 incre·

104 861 107 866 ·
172 831 230 904 pita
255 829 379 885 ‘ducum
391 829 518 901 segnitia,
540 845 601 884 rem
614 828 643 884 ln
659 828 811 884 discrimen
829 827 910 884 mitti'
920 827 1054 902 jubebam

173 923 250 980 aeger
262 907 351 972 mori,
365 911 395 962 et
407 905 470 978 spei
482 904 639 979 impatiens.

210 981 287 1042 XLI.
327 981 433 1038 Eadem
452 981 509 1048 die,
533 981 567 1037 ad
587 981 740 1049 Caecinam,
765 981 845 1056 operi
865 981 958 1056 pontis
972 982 1054 1038 inten-

171 1067 240 1130 tum,
266 1060 323 1118 duo
347 1058 542 1135 praetoriarum
568 1059 726 1116 cohortium
749 1057 864 1125 tribuni,
891 1057 1055 1133 colloquium

172 1138 233 1194 e'us
246 1139 429 1212 postulantes,
443 1143 591 1203 venerunt.
633 1137 739 1192 Audire
753 1135 942 1204 conditiones,
952 1155 984 1192 ac
998 1136 1055 1192 red·

171 1157 240 1272 (liare
254 1216 381 1290 parabat,
395 1215 457 1271 edm
471 1214 632 1290 precipites
641 1215 836 1288 exploratores
846 1213 945 1270 adesse
954 1214 1057 1271 hostem

171 1294 346 1350 nuntiavere.
389 1292 565 1364 Interruptus
579 1291 755 1346 tribunorum
768 1309 882 1346 sermo:
906 1293 1001 1366 eoque
1018 1291 1055 1348 in·

172 1378 281 1436 eertum
294 1369 356 1438 fuit,
369 1368 492 1434 insidias,
513 1387 547 1422 an
560 1367 757 1442 proditionem,
771 1367 820 1427 vel
833 1367 947 1442 aliquod
960 1367 1056 1424 hones·

171 1452 230 1503 tum
242 1447 389 1503 consilium
407 1445 617 1518 coeptaverint.'
644 1443 769 1514 Carcine,
789 1443 909 1500 dimissis
932 1445 1057 1514 tribunis,

171 1512 304 1579 'revectus
318 1523 347 1577 in
360 1527 462 1588 castra,
482 1521 586 1589 datum,
604 1522 686 1596 jussu
707 1521 786 1578 Fabii
807 1520 1057 1597 Valentis‚·pugne

171 1599 289 1672 signum,
311 1597 476 1680 &militem
496 1597 526 1653 in
540 1600 624 1656 armis
638 1599 754 1656 invenit.
797 1599 872 1655 Dum
885 1600 1012 1673 legiones
1025 1601 1057 1656 de

171 1676 270 1732 ordine
284 1673 397 1748 agminis
408 1675 572 1743 sortiuntur,
586 1676 696 1752 equites
703 1693 864 1750 prorupere
878 1697 884 1733 :
907 1684 947 1745 et,
961 1677 1058 1736 mirum

171 1752 256 1821 dictu,
271 1771 287 1808 a
300 1751 477 1827 paucioribus
492 1751 668 1821 Othonianis,
684 1753 830 1828 quominus
841 1753 872 1815 ia
892 1754 999 1812 vallum
1012 1757 1057 1812 im·

170 1831 364 1904 pingerentur,
387 1828 490 1886 Italicas
509 1830 627 1902 legionis
650 1831 755 1887 virtute
768 1831 897 1888 deterriti
910 1841 996 1894 sunt;
1012 1850 1059 1900 ea,

170 1907 273 1964 strictis
286 1906 477 1975 mucronibus,
500 1907 596 1969 redire
609 1909 716 1982 pulsos,
740 1916 769 1965 et
781 1927 900 1982 pugnam
914 1927 1058 1967 resumere

170 1986 271 2059 coegit.
324 1984 466 2058 Disposita
486 1976 701 2042 Vitellianartlm
725 1985 866 2058 legionum
889 1987 976 2055 acies,
1002 1989 1058 2044 sine

170 2063 376 2138 trepidatione:
400 2061 515 2128 etenim,
539 2081 705 2137 quamquam
730 2063 824 2119 vicino
846 2063 938 2131 hoste,
962 2083 1057 2140 aspec-

168 2149 216 2200 tus
227 2159 368 2200 armorum
380 2139 474 2196 densis
495 2140 614 2196 arbustis
627 2140 856 2214 prohibebatur:
879 2141 953 2216 apud
971 2141 1058 2200 Otho-

169 2219 275 2284 nianus,
297 2217 390 2291 pavidi
404 2216 501 2284 duces,
524 2217 605 2273 miles
619 2217 736 2274 ducibus
754 2216 889 2286 infensus,
909 2219 1000 2276 mixta
1013 2237 1059 2277 re-

168 2295 263 2358 hicula
275 2299 304 2356 st
317 2293 393 2359 lixa,
414 2299 453 2359 et,
468 2295 620 2369 praeruptis
635 2295 776 2370 utrimque
792 2294 883 2363 fossis,
903 2296 951 2352 via
964 2298 1059 2372 quieto
1091 2347 1094 2355 Δ

169 2385 282 2446 quoque
303 2369 403 2441 agmini
426 2378 546 2441 angusta.
589 2370 806 2429 circumsistere
827 2373 873 2430 alii
896 2373 977 2448 signa
1003 2393 1060 2442 sua,

169 2465 301 2524 quaerere
325 2446 391 2502 alii:
413 2445 537 2504 incertus
557 2448 680 2524 undique
700 2451 816 2519 clamor,
841 2450 1060 2520 adcurrentium,

168 2524 349 2584 recitantium
360 2525 382 2580 :¹
404 2531 442 2591 et,
457 2531 488 2580 ut
500 2526 603 2600 cuique
617 2527 742 2595 audacia,
755 2529 803 2584 vel
816 2527 948 2598 formido,
962 2531 993 2587 in
1004 2530 1059 2606 pri·

168 2623 241 2669 mam
263 2609 471 2679 postremamve
498 2603 588 2660 aciem
612 2606 843 2679 prorumpebant,
866 2607 914 2662 vel
938 2607 1060 2664 revebe-

157 2685 278 2740 ¹bantur.
396 2685 397 2690 ’

206 2759 296 2816 XLII.
337 2758 474 2815 Attonitas
494 2757 586 2817 subito
605 2765 717 2815 terrore
738 2769 857 2831 mentes,
878 2759 981 2820 salsum
997 2781 1059 2838 gau·

166 2837 243 2892 dium
256 2843 284 2892 in
296 2836 459 2908 languorem
468 2835 565 2902 vertit,
579 2837 713 2910 repertis,
727 2838 775 2909 qui
789 2837 966 2896 ‘descivisse
982 2860 999 2897 a
1013 2839 1058 2894 Vi-

168 2923 175 2946 ‘
190 2913 268 2972 tellio
279 2913 446 2970 exercitum'
460 2913 673 2971 ementireatur.
715 2915 742 2972 ls
753 2933 862 2986 rumor,
876 2917 910 2974 ab
925 2919 1059 2994 explora·

202 3065 218 3115 1
236 3060 445 3128 decurrentium,
456 3062 636 3120 somtauta'um.
654 3066 843 3120 Accurrentes
851 3069 1062 3128 circumsitum
1090 3117 1094 3130 ,

92 3187 93 3196 ,
166 3134 256 3202 signa,
277 3132 431 3184 vocitantes
450 3147 585 3200 quaerunt.
621 3135 668 3188 Sic
689 3137 1003 3206 editumeconjectura
1020 3137 1062 3190 Pi-

168 3203 280 3256 chenae:
299 3217 364 3252 nam
380 3202 487 3268 priores
506 3205 581 3270 editi,
601 3216 632 3258 ut
643 3217 672 3258 ct
684 3207 796 3261 codices
814 3223 865 3276 pro
877 3207 1061 3271 oocdumtt'rrm,

168 3273 214 3324 alii
225 3269 408 3335 clamantium,
427 3271 474 3323 alii
485 3273 632 3328 volantium
643 3275 802 3344 praeferunt.
838 3277 967 3344 llyckius
984 3295 1001 3331 e
1014 3292 1063 3331 suo

168 3343 264 3398 codiee
277 3341 353 3392 dedit
364 3337 566 3406 accurrentium,
578 3343 804 3413 volitantiumque.
818 3341 881 3399 vSed
892 3352 1064 3402 assumtam

168 3406 289 3484 oplitorac
302 3419 397 3472 monet
406 3409 432 3460 J.
445 3407 612 3476 Gronovius,
622 3416 669 3480 qui
679 3415 775 3482 etipse
785 3417 946 3482 suspicetur
954 3432 1065 3470 amram·

169 3477 244 3526 tram.
280 3475 357 3527 infra
368 3491 419 3541 pro
431 3476 471 3528 uel
489 3479 682 3547 revelabantur,
703 3481 777 3536 Flor.
799 3485 894 3538 scribit
905 3493 957 3540 out
970 3487 1065 3540 relcbc-

171 3539 390 3661 qqqrbqqhqttqqms
403 3548 451 3598 out
462 3545 612 3602 releventur.
649 3551 719 3606 Inde
728 3551 857 3608 Plchenao
864 3555 1006 3629 placeret,
1018 3559 1067 3609 aad
