2252 3958
59 351 168 410 ..aaa
273 348 430 409 menon.
449 347 523 408 nra.
541 345 697 408 narnus.
832 310 837 319 ’
930 351 966 412 ra

59 515 110 578 que
123 497 263 559 exercitui
276 500 389 570 vicine,
403 500 441 558 ita
453 499 483 561 in
497 499 635 570 savorem,
649 507 697 558 aut
710 498 817 570 odium,
831 503 964 558 contactu

57 579 241 638 valentiorum
263 580 425 654 agebantur.
468 577 596 637 laerones
617 577 785 654 provincie,
806 583 891 654 atque
905 577 967 652 ipss

58 655 194 732 inprimis
210 656 301 728 ltalia,
315 656 484 732 cuicumque
499 655 618 714 servitio
632 655 783 734 exposite,
796 655 826 714 in
840 656 967 732 pretium

57 734 126 791 belli
133 753 258 792 cessurae
273 742 363 792 erant.
405 733 461 792 Hic
476 733 530 792 fuit
543 753 641 792 rerum
656 733 845 794 Romanarum
856 739 965 792 status:

58 811 119 868 ciam
133 813 195 870 Ser.
211 808 303 870 Galba
329 814 443 882 iterum,
459 811 543 870 Titus
564 811 664 884 Vinius
686 813 828 882 consules,
850 811 965 870 inchoa

55 907 126 946 vere
140 909 244 948 annum
257 889 311 949 sibi
324 891 464 961 adtimlum,
478 891 647 968 reipublicae
662 891 753 966 prope*
768 909 944 966 supremum.

92 967 160 1024 Xll.
183 968 284 1026 Paucis
306 977 369 1043 post
388 968 530 1026 Kalendas
550 968 696 1026 Januarias
716 967 816 1026 dicbus
837 967 967 1044 Pompeii

11 1047 12 1050 ’
54 1044 226 1121 Propinqui,
239 1045 470 1118 procuratoris,e
483 1047 601 1118 belgici
611 1047 704 1104 litere
719 1045 885 1116 afferuntur,
899 1055 907 1080 ‘
920 1065 966 1104 su·

53 1123 181 1199 perionis
194 1121 358 1178 (lemania
377 1123 516 1196 legiones,
537 1125 621 1197 rupta
640 1124 809 1182 sacramenti
830 1143 968 1184 reveren·

54 1202 104 1268 tie,
121 1199 339 1274 imperatorem
366 1200 451 1256 alium
474 1199 612 1274 flagitare,
640 1205 669 1257 et
694 1201 802 1257 senatui
823 1221 854 1258 ac
869 1201 969 1276 populi

54 1278 177 1336 Romani
197 1277 344 1334 arbitrium
358 1277 480 1352 eligendi
500 1277 690 1353 permittere,-’
706 1277 764 1353 quo
785 1277 884 1334 seditio
897 1279 968 1335 mol·

54 1357 107 1416 lius
123 1355 312 1432 acciperetur.
355 1356 509 1414 Maturavit
519 1373 557 1414 ea
568 1373 616 1412 res
626 1355 775 1414 consilium
789 1355 901 1425 Galbae,
909 1355 970 1432 jam

54 1436 169 1510 pridem
188 1433 225 1490 de
249 1433 399 1510 adoptione
421 1451 520 1491 seeum
534 1443 563 1492 et
582 1453 648 1491 cum
668 1433 806 1511 proximis
831 1433 967 1508 agitantis.

54 1513 123 1572 Nou
141 1510 207 1570 sane
231 1512 362 1570 crebrior
385 1512 444 1570 tutat
464 1513 579 1570 civitate
600 1531 695 1572 sermo
709 1531 764 1588 per
776 1511 841 1570 illos
855 1529 967 1570 meuses

55 1589 169 1650 iuerat:
191 1589 314 1666 primbm
333 1589 459 1660 licentii,
473 1607 505 1648 ac
525 1589 642 1648 libidine
663 1591 729 1648 tolia
742 1589 887 1666 loquendi,
901 1590 968 1648 dein

54 1669 132 1728 sessa
141 1668 202 1744 jam
215 1673 298 1725 etate
310 1667 422 1726 Galbae.
464 1668 564 1728 Paucis
573 1668 723 1744 judicium,
738 1675 786 1725 aut
798 1669 966 1744 reipublicae

20 1781 23 1786 ·
56 1767 158 1806 amor:
181 1746 260 1803 multi
274 1747 385 1810 occulti
399 1765 461 1822 spe,
484 1753 569 1821 prout
590 1746 653 1822 quis
675 1747 780 1804 amicus
799 1747 847 1803 vel
865 1747 966 1816 cliens,

54 1826 133 1884 hunc
147 1825 196 1882 vel
209 1823 295 1880 illum*
303 1824 455 1881 ambitiosis
470 1825 630 1881 rumoribus
640 1824 827 1891 destinabant,
840 1823 925 1880 etiam
938 1825 967 1880 in

56 1905 96 1961 Τ.
113 1902 192 1959 Vinii
213 1901 333 1971 odium,3
355 1903 403 1977 qni
426 1902 456 1957 in
476 1903 538 1958 dies
558 1904 664 1978 quanti)
687 1902 843 1977 potentior,
865 1901 968 1958 eodem

55 1989 123 2040 actu
137 1979 269 2050 innisior4
282 1987 352 2036 erat.
398 1979 513 2054 Quippe
526 1979 648 2048 hiantes,
670 1979 699 2035 in
724 1981 823 2051 magna
845 1977 966 2048 sonunt,

54 2061 213 2116 amicorum
238 2057 416 2132 cupiditates,
438 2056 500 2130 ipsa
519 2055 619 2111 Galbae
640 2055 760 2112 facilitas
783 2054 965 2111 intendebat:

54 2139 122 2195 calm
136 2135 210 2211 apud
223 2133 366 2200 infirmum
380 2141 409 2190 et
422 2133 580 2201 credulum,
594 2131 705 2188 minore
718 2139 807 2200 metu,
817 2137 847 2188 et
858 2133 966 2206 majore

53 2214 177 2291 praemio
190 2219 372 2288 peccaretur.

95 2291 179 2348 Xlll.
202 2289 331 2368 Potentia
344 2289 517 2366 principatlls
530 2287 620 2346 divisa
629 2288 658 2345 in
673 2287 711 2345 Τ.
727 2285 853 2359 Vinium,
864 2307 965 2348 consu-

51 2372 125 2440 lem,
140 2377 169 2426 et
183 2367 350 2426 Cornelium
364 2367 516 2435 Laconem,
531 2367 660 2441 pretorii
681 2365 859 2442 prefectum.
902 2367 965 2426 Nec

50 2449 150 2506 minor
169 2447 256 2522 gratia
277 2445 366 2514 Icelo,
389 2445 488 2502 Galbae
512 2445 627 2514 liberto,
642 2463 727 2520 quem
747 2445 855 2504 annulis
879 2445 964 2503 dona·

51 2525 142 2595 tum,⁵
156 2524 282 2600 equestri
303 2524 417 2580 nomine
437 2523 616 2579 Martialium
639 2523 807 2580 vocitabant.
850 2522 889 2579 Hi
909 2523 965 2581 dis·

50 2604 171 2672 cordes,
191 2609 222 2660 et
233 2603 321 2658 rebus
334 2601 491 2658 minoribus
504 2599 556 2654 sibi
579 2599 700 2674 quisque
713 2599 874 2668 tendentes,
887 2600 966 2656 circa
1046 2603 1051 2612 '

50 2681 207 2740 consilium
227 2677 357 2748 eligendi
370 2675 544 2732 suceessoris
565 2676 594 2730 in
615 2675 684 2729 duas
703 2675 839 2730 factiones
854 2675 965 2731 scinde-

49 2761 169 2818 bantur.
211 2752 312 2809 Vinius
326 2771 380 2827 pro
394 2751 435 2806 M.
451 2751 584 2806 Othone:
607 2749 684 2806 Laco
695 2755 779 2825 atque
794 2751 887 2810 lcelus
898 2770 965 2810 con·

48 2855 142 2894 sensu
165 2837 299 2892 nontam
322 2847 410 2886 unum
432 2827 555 2904 aliquem
580 2826 725 2900 fovebant,
750 2829 834 2904 quim
854 2829 965 2890 ulium.6

49 2913 162 2990 Neque
176 2917 238 2970 erat
251 2908 350 2969 Galbae
374 2907 469 2983 ignota
482 2905 601 2968 Othonis
616 2925 649 2966 ac
670 2906 709 2980 Τ.
730 2905 806 2966 Vinii
824 2907 961 2984 amicitia3

50 3011 94 3050 ex
115 2988 278 3066 rumoribus
297 2985 372 3046 nihil
392 2985 503 3044 silentio
523 2987 769 3048 transmittentium
784 2987 962 3070 (quie-Vinio

90 3173 110 3228 3
127 3171 224 3228 Etiam
242 3171 275 3226 a'n
290 3169 418 3228 RVa'aa'i
438 3169 537 3225 odium
572 3166 664 3236 Multi,
676 3173 775 3242 inquit,
788 3171 888 3225 Galbae
899 3185 962 3222 suc·
1060 3217 1064 3224 .

50 3245 195 3300 cessiones
205 3245 384 3314 damnabant
395 3259 431 3294 ex
443 3259 494 3310 spe
507 3257 566 3306 sua,
574 3241 687 3308 quidum
699 3259 736 3296 ex
748 3242 813 3294 odio
825 3239 909 3290 Vinii.

91 3315 110 3368 4
122 3314 224 3368 Eodem
235 3317 296 3366 acta
307 3311 430 3366 invisior.
448 3311 494 3364 Ita
505 3310 581 3364 Flor.
590 3320 619 3362 et
628 3314 728 3364 sanum
737 3309 863 3372 videtur:
883 3308 962 3377 inge-

48 3387 138 3440 niosa
151 3396 245 3438 tamen
258 3383 347 3437 Leotii
359 3383 531 3452 conjecture,
542 3380 723 3432 eodem-auctu
734 3375 851 3430 inomina-
861 3383 925 3432 crat

90 3457 109 3510 5
120 3453 242 3516 Amatis
253 3455 398 3508 dandam.
432 3449 469 3504 Ut
480 3451 598 3507 haberet
609 3447 790 3519 ingenuitatis
801 3448 963 3520 imaginem,

49 3536 85 3579 et
95 3525 221 3595 equestri
228 3524 367 3605 ,dignitate
380 3531 464 3576 esset.
771 3540 773 3546 ¹

90 3593 216 3668 oenum
229 3594 322 3650 oleum
354 3589 464 3658 Nempe
477 3589 512 3643 ab
525 3587 647 3712 gulone.
715 3623 733 3640 t
