2252 3958
167 319 203 377 8⁰
443 321 476 378 0.
493 323 607 380 CORN.
624 319 759 378 raom
844 336 874 376 s.
889 336 920 394 u.
939 335 965 374 o.
981 317 1051 378 m·
1124 289 1125 341 i

169 467 323 526 comitantis
336 468 454 528 caluam
479 467 602 529 cononis
617 470 639 550 (⁴
654 471 787 528 Antinum
804 465 1051 541 Vergilionemfir

169 543 259 600 ‘isse'
278 545 402 624 uadunt)
426 545 572 621 dereptam
588 548 688 604 Galba
707 546 854 620 imaginent
865 545 927 600 solo
937 543 1050 605 adflixit.
1124 557 1125 620 3

169 617 212 676 Eo
225 622 305 695 signo
318 622 463 680 maniIesta
475 624 504 680 in
517 623 658 681 Othonem
681 623 802 680 omnium
825 621 943 678 militum
953 619 1051 684 studia,
1124 621 1125 662 i

0 670 6 725 ³³
114 767 120 772 1
143 758 144 763 1
169 695 313 756 desertum
324 698 389 773 Iuga
402 701 498 775 populi
511 700 613 768 sorum,
629 695 765 757 destrIcta'
778 697 915 755 'adversus
928 693 1052 756 dubitan-

169 775 211 830 tes
225 776 289 832 tela.
342 775 427 833 Juxta
447 776 543 834 'Curtii
569 775 671 846 lacum,
685 775 879 850 trepidatione
904 774 1053 831 ferentium

169 835 258 908 Galba
279 853 422 928 projectus
445 871 462 910 e
485 854 564 921 sella,
578 871 610 911 ac
624 852 851 927 provolutusest.
892 849 1052 908 Extremam

169 927 230 1001 ejus
253 947 364 998 vocem,
385 935 415 987 ut
430 929 532 1005 cuique
545 929 649 998 odium,
672 936 719 986 aut
728 909 871 986 admiratio
892 925 955 996 suit,
976 926 1053 983 varie

169 1004 331 1076 prodidere.
372 1006 426 1062 Alii
435 1007 601 1081 suppliciter
608 1005 804 1080 interrogasse,
819 1003 902 1080 ‘quid
916 1003 981 1059 mali
993 1019 1051 1074 mp-

170 1087 178 1114 ‘
188 1080 290 1140 ruisset
299 1082 320 1140 I’
333 1090 340 1118 ‘
351 1100 454 1158 paucos
462 1083 522 1140 dies
531 1083 851 1142 exsolvendodonativo’
861 1081 1052 1155 deprecatum.

169 1155 269 1217 Plures
291 1159 424 1216 obtulisse
446 1161 521 1217 ultro
542 1160 755 1235 percussoribus
764 1161 902 1234 jugulum,
917 1167 925 1192 ⁴
941 1162 1054 1232 agerent

169 1240 177 1268 ‘
194 1253 225 1292 ac
239 1235 368 1306 ferirent,
382 1237 476 1294 siitae
486 1238 631 1312 republica
643 1236 810 1294 videretur)
851 1235 916 1292 Non
930 1232 1054 1292 interfuit

169 1312 353 1386 occidentium
367 1315 433 1390 quid
445 1315 564 1373 dIceret.
606 1314 651 1372 De
664 1332 833 1388 percussore
840 1331 896 1369 non
909 1311 974 1369 setis
987 1328 1053 1367 con·

168 1395 238 1446 stat:
253 1392 365 1466 quidam
375 1401 382 1426 ‘
392 1392 572 1460 Terentium,
581 1396 729 1448 evocatum
740 1391 774 1446 :'1
798 1389 860 1446 aIIi‘
871 1387 1021 1474 Lecanium
1033 1388 1051 1442 ε’

168 1467 299 1530 crebrior,
309 1468 381 1524 fama
393 1469 505 1525 tradidit
518 1477 525 1504 ‘
537 1467 710 1533 Camurium,
724 1465 952 1542 quintaedecimae
967 1464 1051 1536 legio-

168 1542 232 1598 ‘nis
258 1545 386 1613 militem,
408 1545 547 1618 impresso
566 1543 667 1617 gladio,
685 1541 815 1614 jugulum
824 1541 889 1613 ejus
902 1539 1050 1600 hausisse?

168 1615 266 1676 Ceteri
286 1637 370 1677 crura
389 1621 560 1690 bmrhiaqoe
582 1620 658 1696 (nam
672 1623 770 1688 pectus
784 1613 959 1692 tegebatur)2
979 1613 1051 1674 foede

165 1695 328 1756 taniam
343 1686 488 1780 'pleraque
509 1693 637 1761 vulnera,
659 1691 770 1748 feritate
783 1699 812 1750 et
824 1691 941 1760 sevitia,
952 1697 1063 1753 burco

161 1768 517 1931 JffliIiiiiior'i'itdiiriroiaride
531 1845 814 1904 Viniumssinvasere:
837 1848 872 1904 de
887 1849 1050 1924 quoetipso

166 1922 322 1994 ambigitur,
346 1923 587 1996 consumpseritne
601 1943 701 1982 rocem
712 1925 775 2000 ejus
788 1925 891 1982 instans
904 1933 1006 1994 metus,
1017 1945 1050 1982 an

164 1999 393 2074 proclamaverit,
402 2009 409 2034 ‘
420 2018 475 2057 non
484 2015 546 2057 esso
555 2003 589 2057 ab
598 2000 711 2066 Othone
721 2002 891 2070 mandatum,
900 2009 930 2059 ut
940 2003 1049 2061 occide·

166 2085 173 2109 ‘
188 2076 289 2134 retur.'
316 2076 398 2146 Quod
413 2095 465 2134 seu
478 2076 557 2135 finxit
566 2076 725 2147 formidine,
739 2095 789 2136 seu
803 2079 975 2150 couscientia
984 2099 1049 2138 con·

160 2153 307 2228 jurationis
329 2153 473 2212 confessus
495 2162 537 2212 est
548 2146 573 2211 ,ti
594 2155 650 2212 huc
670 2155 760 2228 potiris
779 2156 839 2230 ejus
853 2156 909 2214 vita
921 2155 1050 2233 famaque
1069 2214 1072 2219 .

2 2243 5 2258 ·
107 2271 109 2282 -
164 2231 287 2300 inclinat,
308 2237 338 2288 ut
362 2232 490 2289 conscius
514 2232 632 2290 sceleris
655 2231 753 2300 suerit,
777 2233 963 2308 cujus‘cauea
977 2241 1047 2291 erat

164 2309 237 2366 Ante
248 2307 337 2365 aedem
348 2308 406 2366 divi
419 2308 488 2365 Iulii
497 2309 595 2383 jacuit,
606 2309 698 2383 primo
711 2311 809 2388 ictuin
823 2309 970 2386 poplitem,
984 2329 1049 2368 mox

8 2417 24 2448 ..-
126 2397 131 2408 ’
164 2387 198 2443 ab
210 2383 383 2519 infligam
394 2385 548 2460 legionario
559 2387 658 2456 milite,
672 2386 700 2444 ia
709 2395 859 2462 utrumque
872 2388 944 2446 latus
960 2394 1048 2446 trans·

107 2487 111 2498 ·
164 2481 216 2521 rer
236 2479 284 2518 era
316 2480 338 2519 s.
871 2497 876 2505 -

201 2529 306 2597 XLIII.
328 2539 469 2610 Insignem
489 2540 693 2600 illedievrrum
710 2541 907 2618 Sempronium
923 2543 1047 2602 Densum

164 2623 229 2674 aetas
239 2623 333 2675 nostra
346 2618 430 2676 uidit:
452 2618 589 2678 Centurio
598 2619 620 2675 is
634 2619 777 2694 praetoriae
786 2621 921 2689 cohortis,
935 2621 1049 2678 aGaIbt

163 2695 295 2752 custodiae
310 2694 418 2753 Pisonis
439 2696 560 2765 additus,
571 2696 667 2754 stricto
681 2697 813 2772 pugione,
827 2715 980 2755 occurrens
1002 2714 1044 2756 ar-

162 2773 252 2841 matis,
266 2779 296 2830 et
308 2773 402 2832 scelus
413 2775 598 2850 exprobrans,
613 2793 645 2832 ac
664 2775 854 2844 modo-manu,
868 2775 952 2832 mado
966 2795 1049 2846 voce,

163 2849 300 2906 vertendo
313 2850 383 2908 inse
396 2869 593 2926 percussores,
607 2869 775 2927 quamquam
789 2853 938 2910 vulnerato
954 2853 1049 2911 Pisoni

123 2965 157 3016 ‘i
197 2997 380 3057 luvocammss
418 3005 549 3064 Euocatos
579 3005 708 3060 dIcebant
731 3007 834 3062 milites
864 3007 960 3062 militia
986 2992 1061 3076 per-⁸

161 3073 271 3126 functos
283 3082 311 3125 et
323 3075 444 3126 emeritis
455 3075 608 3142 stipendiis,
626 3076 673 3142 qui
686 3091 778 3130 tamen
790 3095 887 3132 rursus
898 3078 1048 3132 militatum

160 3141 351 3196 corroboratur:
368 3143 469 3198 horum
493 3156 587 3202 nutem
609 3143 743 3200 honestus
760 3157 819 3201 erat
832 3148 900 3200 ordo
913 3149 942 3200 in
954 3164 985 3204 re
997 3149 1048 3206 mi-

1 3216 5 3225 '
73 3239 74 3246 κ
160 3213 240 3265 litari.
329 3265 334 3270 ,

192 3281 211 3332 2
222 3282 319 3334 Pectus
330 3281 472 3350 tegebatur.
509 3281 638 3337 Thorace
650 3290 734 3354 supra
745 3287 788 3348 35.

193 3349 276 3402 3Sea
290 3349 449 3406 conscientia
457 3351 650 3426 conjurassetis
662 3356 855 3424 consecrarent.
891 3355 968 3424 Lege
981 3373 1048 3412 cum

160 3418 285 3470 Acidalio
297 3419 491 3475 conscientium.
529 3421 597 3474 Mox
616 3420 647 3473 a'a
663 3423 810 3492 poplitem.
823 3463 829 3476 .
843 3423 893 3476 ab
904 3429 1048 3496 utrumque

160 3487 240 3538 dotus
258 3490 488 3544 bauemberotaa.
538 3492 702 3558 Suspicatus
724 3493 883 3565 Gronovius
913 3495 1048 3564 praeposi·

161 3555 265 3610 tionem
276 3557 422 3626 utrobique
434 3575 491 3617 non
503 3575 563 3614 essa
576 3561 611 3614 ab
623 3559 732 3616 Tacito.
983 3566 985 3572 '
