2254 3960
87 211 91 225 ⁵
149 221 204 313 ari
277 293 281 302 .
370 217 586 352 'eoorr'ra
607 215 747 336 'riom
860 255 1049 319 anessa.

152 395 244 474 cipiis,
260 379 320 472 jarir
338 411 392 470 per
412 402 489 450 arma
509 400 592 468 atque
616 392 691 448 acies
713 391 930 449 exercebantur.
973 391 1048 448 Nam

152 475 275 551 populus
289 470 424 544 Gensis,
444 469 621 526 multitudine
644 467 773 537 inferior,
797 469 984 524 Garamantas
1010 486 1048 525 ex

154 552 271 615 cinerat,
283 557 395 624 gentem
407 547 576 614 indomitam,
591 552 620 602 et
633 544 708 602 inter
719 547 828 602 accolas
838 545 994 604 latrociniis
1005 544 1047 601 fe·
1111 587 1112 592 ,

151 630 286 687 cundum..
322 623 404 680 Unde
430 631 516 680 arctae
541 622 696 697 Leptitanis
718 640 777 690 res,
798 623 911 696 late'que
935 621 1047 678 vastatis
1110 623 1112 644 ‘

155 707 238 780 agris,
252 706 323 760 intra
335 700 437 758 moenia
449 699 625 773 trepidabant
641 721 648 756 ι
665 699 759 756 donec
771 699 934 756 interventu
944 699 1046 756 cohor·

83 819 89 830 ·
154 785 223 842 tium
231 776 458 852 alarumquefusi
467 776 661 846 Garamantes,
675 784 704 833 et
712 783 828 851 recepta
838 777 929 833 omnis
939 776 1045 850 prada,

154 855 378 996 pppliepppatmyagi
391 871 444 941 per
457 855 601 912 inaccessa
614 853 764 928 mapalium
777 853 963 911 ulterioribus
978 872 1046 911 ren-

178 1013 239 1081 ¹Ll.
281 1013 318 1070 At
340 1009 524 1088 Vespasiano,
545 1016 609 1084 post
629 1011 852 1068 Cremonensem
873 1027 1008 1084 pugnam,
1020 1017 1048 1066 et
1112 1047 1113 1084 ,

154 1108 308 1165 prosperos
328 1087 451 1163 undique
470 1089 590 1154 nuntios,
612 1085 771 1143 ‘cecidisse
793 1087 961 1166 Vitellium,’
977 1088 1047 1142 mul·

154 1168 176 1225 ti
195 1167 332 1242 cujusque
353 1165 468 1232 ordinis,
483 1165 545 1238 pari
568 1163 681 1219 audaciai
703 1162 871 1238 fortunaque
895 1164 1049 1220 hibernum

155 1263 242 1308 mare.
256 1244 389 1317 adgressi,
404 1242 577 1298 nuntiavere.
604 1240 742 1302 ,Aderant
762 1241 844 1314 legati
866 1240 942 1314 regis
961 1241 1048 1297 Voln-

174 1322 226 1394 esi,
241 1331 249 1356 ‘
262 1320 440 1396 quadraginta
467 1319 635 1376 Parthorum
658 1318 782 1391 equiturn
806 1317 905 1374 millia⁷
924 1318 1048 1375 offeren-

185 1419 209 1457 s.
250 1398 429 1474 Magnificum
441 1397 593 1470 laetumque
613 1395 693 1452 tantis
708 1395 847 1452 sociorum
859 1394 973 1466 ‘auxiliis
994 1415 1049 1452 am·
1072 1389 1077 1403 ‘

155 1477 221 1544 biri,
242 1495 335 1550 neque
358 1473 494 1546 indigere.
540 1472 647 1529 Gratia
670 1470 810 1544 Vologeso
834 1479 915 1539 actae,
937 1472 1048 1530 manda-

156 1559 271 1627 tumque
290 1558 340 1607 ‘nt
353 1552 457 1621 legatos
472 1550 506 1606 ad
519 1558 644 1609 senatum
658 1549 794 1616 mitteret,
813 1557 843 1604 et
862 1568 965 1623 pacem
985 1568 1048 1607 esse

155 1627 262 1686 sciret!
303 1626 490 1702 Vespasianus
513 1627 541 1682 in
561 1627 677 1694 ltaliam,
692 1644 794 1700 resque
815 1627 892 1682 urbis
912 1627 1048 1698 intentus,

155 1704 302 1761 adversam
316 1704 350 1760 de
366 1703 637 1770 Domitianosamam
660 1703 782 1776 accipit;
804 1709 968 1778 ‘tamquam
990 1713 1048 1762 ter·
1111 1731 1114 1778 ,

156 1781 268 1838 ‘minos
289 1783 388 1850 aetatis,
412 1788 441 1838 et
466 1799 600 1839 concessa
626 1778 683 1835 filio
710 1777 917 1854 egredeietur.’
961 1782 1050 1856 Igitur
1113 1785 1114 1850 ἶ

155 1857 351 1922 validissimam
374 1858 516 1916 exercitus
538 1865 649 1933 partem
670 1856 738 1914 Tito
761 1857 854 1928 tradit,
878 1857 911 1914 ad
936 1860 1048 1935 reliqua

151 1935 264 2007 ,Judaipi
276 1937 345 1994 belli
359 1937 557 2015 perpetranda.
630 1988 633 1994 .

165 2015 167 2029 '
194 2013 256 2071 Lll.
307 2009 415 2084 Titum,
439 2022 587 2090 antequam
612 2012 835 2086 digrederetur,¹
862 2013 951 2071 multo
976 2016 1049 2090 apud

156 2099 265 2168 patrem
290 2111 421 2150 sermone
449 2111 545 2148 orasse
571 2091 729 2159 dicebatur,
755 2101 814 2148 ‘ne
841 2092 1049 2150 criminantium

156 2177 164 2201 ⁴
180 2169 281 2226 nuntiis
296 2177 410 2244 ,temere
432 2169 635 2228 accenderetur
651 2190 658 2238 ;
680 2168 875 2242 integrumque
896 2187 928 2223 se
943 2188 976 2225 ac
992 2171 1047 2244 pla-

156 2247 299 2302 ‘cabilem
319 2246 377 2302 filio
425 2253 560 2302 restaret.
612 2245 678 2301 Non
697 2245 833 2319 legiones,
856 2263 911 2301 non
930 2248 1046 2314 classes,

155 2327 164 2352 ⁸
179 2321 298 2392 perinde
321 2321 384 2376 firm
422 2323 534 2395 imperii
548 2323 727 2390 munimenta,
742 2325 825 2398 quim
839 2341 1001 2391 numerum,
1015 2325 1046 2379 li·

156 2404 164 2454 .‘
179 2396 323 2454 berorum.
367 2395 440 2453 N'am
460 2399 563 2454 amicos
578 2407 717 2474 tempore,
732 2399 853 2470 fortuni,
867 2401 1046 2476 cupidinibus

156 2472 339 2547 ‘aliquanda
365 2481 414 2530 aut
439 2477 597 2542 erroribus,
626 2478 762 2545 imminui,
788 2476 946 2545 transferri,
973 2478 1047 2534 desi-

155 2558 249 2610 ‘nere
265 2572 272 2606 :
294 2569 375 2609 suum
388 2551 490 2626 cuique
503 2554 664 2626 sanguinem
681 2553 889 2621 indiscretum?
901 2555 953 2612 sed
971 2573 1045 2611 max·

155 2629 233 2686 ‘ime
247 2625 454 2703 *Principibuss
476 2647 595 2704 quornm
618 2632 765 2706 prosperis
788 2631 884 2688 etalii
904 2625 1046 2698 fruantur,

155 2706 298 2764 ‘adversa
311 2707 344 2764 ad
360 2706 550 2782 junctissimos
570 2709 752 2780 pertineant:
775 2727 811 2766 ne
830 2707 966 2765 fratribus
987 2710 1046 2784 qui-

155 2784 243 2841 ‘dem
274 2803 432 2842 mansuram
465 2785 653 2857 concordiam,
687 2786 715 2841 ni
748 2803 851 2860 parens
884 2787 1048 2861 exemplum

155 2860 377 2936 ‘praebuissetl
408 2861 608 2935 Vespasianus,
623 2863 698 2918 hand
718 2864 802 2937 aeque
821 2861 981 2918 Domitiano
996 2863 1045 2918 mi·
1109 2902 1112 2911 .

152 2935 438 3012 transmearat
457 2945 562 3072 pffie
581 2939 715 3012 gaudens,
738 2942 833 2996 ‘bono
854 2957 917 2996 esse
945 2939 1048 2996 animo‘

148 3015 242 3090 jubet,
258 3014 413 3089 ‘belloque
433 3022 461 3071 et

155 3099 278 3170 ‘pacem
298 3090 468 3166 domumque
488 3110 565 3149 curas
587 3092 673 3163 fore),
712 3093 789 3151 Tum
809 3093 976 3152 celerrimas
1000 3112 1046 3150 na·

152 3209 205 3326 Vl
223 3266 372 3334 Antequam
391 3262 579 3336 digrederetur.
614 3267 640 3316 A
658 3278 746 3336 patre,
759 3267 946 3332 Alexandria,
964 3281 1048 3336 quern

155 3337 188 3384 οὸ
200 3349 287 3398 usque
300 3346 412 3387 secutus
424 3348 492 3400 erat,
504 3338 569 3390 inde
582 3337 724 3406 digressus
737 3337 905 3391 Caesaream.

188 3399 207 3448 2
225 3402 311 3452 Suum
322 3399 774 3472 cuiqneaanguinemiadiseretum.
805 3407 852 3462 Ita'
859 3408 1049 3476 conjunctum

154 3467 314 3520 annullare
327 3472 481 3532 secerniac
493 3472 638 3528 ‹lissodm
649 3477 758 3547 debeat.
802 3497 804 3502 ·

542 3015 565 3071 is
589 3017 792 3089 rempublicam
815 3017 971 3075 attollere:
994 3017 1053 3073 sibi
