2252 3958
87 371 114 422 t.
130 375 159 422 b.
176 361 220 420 07.
323 360 478 420 merois
496 363 569 420 ΠΒ.
586 359 741 432 turnus.
946 361 983 422 47

62 573 64 576 .
91 511 211 573 noane
253 512 309 570 Sed
328 519 417 581 metu,
431 531 468 570 ne
491 511 632 572 emitteret
643 509 869 587 promissoriam
880 509 970 574 cohor

91 597 136 648 tes
159 591 283 666 alesque,
303 591 386 648 nmul
409 597 555 665 repetens,
568 589 747 666 plnsglorine
767 592 879 648 retenti
893 587 979 656 itata

91 675 123 728 et
135 668 305 744 ubicumque
318 675 456 726 certatum
469 667 552 736 foret,
564 665 686 726 Noricos
703 667 731 724 in
741 674 839 724 cetere
852 666 981 726 victorin

91 745 210 820 premia
235 763 377 813 cessuros,
392 741 499 804 Penitio
518 745 714 818 subsignanum
724 745 854 802 militamt
869 743 978 808 itinere,

91 829 123 954 pit
135 839 221 895 greve
247 823 389 896 legionm
412 839 520 897 agmen,
540 821 667 880 hibernis
681 821 771 880 adhuc
785 821 903 898 Alpibus
926 829 979 878 tre
1039 881 1051 894 ‚

112 899 171 956 uxit

130 975 235 1043 lxxi.
267 975 344 1034 Otho
358 967 481 1046 interim,
494 977 593 1036 conlie
605 993 685 1052 spem
698 977 830 1045 omnium,
851 995 908 1036 non
930 976 978 1032 tle·

90 1051 177 1122 liciis,
190 1055 286 1128 neque
308 1053 415 1110 desidio
427 1061 611 1128 torpescere:
633 1054 726 1112 etate
736 1055 905 1130 voluptates,
925 1051 978 1110 dis·

88 1129 221 1188 simulata
246 1130 372 1196 luxuria,
384 1136 415 1185 et
437 1137 538 1186 cuncta
550 1131 585 1186 ud
594 1131 727 1187 decorem
740 1131 852 1204 imperii
865 1149 977 1206 compo-

89 1207 154 1266 sita.
196 1205 299 1281 quue
314 1208 377 1281 plns
385 1205 539 1262 formidinis
554 1204 716 1267 adferebant
726 1206 801 1262 lelsae
810 1211 938 1274 virtutes,
951 1213 979 1264 el

89 1283 159 1340 vitia
173 1283 307 1340 reditura.
350 1281 472 1338 Marium
496 1281 623 1349 Celsum,
636 1283 780 1338 consulem
799 1283 978 1356 designatum,

89 1374 146 1436 per
171 1359 299 1433 speciem
324 1359 512 1427 vinculorum,
536 1358 653 1416 saevitiae
673 1359 980 1416 militum'subtrectutn

89 1436 216 1497 acciri-in
225 1435 395 1510 Capitolium
401 1436 501 1510 jubet:
516 1435 673 1494 clementiae
683 1436 789 1504 titulus,
798 1455 815 1491 e
825 1436 978 1504 viroclaru,

89 1521 120 1572 et
133 1515 259 1589 partibus
267 1515 368 1581 inviso,
383 1515 544 1590 petebatur.
565 1513 677 1582 Celsus,
691 1522 852 1571 constanter
859 1521 979 1572 servate

89 1609 157 1665 erga
179 1591 298 1648 Galbam
322 1592 397 1649 fidei
415 1592 523 1648 crimen
548 1590 703 1660 confessus,
724 1591 887 1667 exemplum
905 1593 977 1649 ultro

88 1669 264 1744 imputavits
303 1667 366 1727 Nec
384 1669 471 1737 Otho,
492 1669 569 1746 quasi
583 1669 752 1744 ignosceret,
766 1669 826 1738 sed,
841 1669 977 1727 nehostis

87 1753 195 1805 netnm
220 1746 457 1806 reconciliationis
483 1746 655 1815 adhiberet,³
667 1747 758 1804 statim
780 1748 855 1804 inter
868 1747 976 1804 intimos

60 1823 63 1827 ’
88 1823 309 1891 amicoshabuit,
331 1831 362 1882 et
386 1842 453 1881 mox
475 1823 551 1883 hello
574 1824 649 1882 inter
661 1824 748 1882 duces
758 1824 879 1899 delegit:
902 1843 976 1880 mon·

10 1915 15 1920 ·
87 1900 183 1976 sitque
210 1900 307 1972 Celso,
327 1904 406 1960 velut
428 1900 560 1970 fataliter,
569 1901 651 1959 etiem
662 1920 715 1976 pro
729 1901 842 1959 Othone
852 1901 922 1958 fides
936 1902 976 1956 in-

87 1985 177 2052 tegra,
192 1985 221 2036 et
233 1979 332 2046 infelix
352 1980 430 2036 Laeta
452 1979 621 2054 primoribus
642 1978 772 2045 civitatis,
792 1979 936 2048 celebrata
949 1978 976 2034 in

87 2057 189 2129 vulgus
215 2055 294 2114 Celsi
320 2054 404 2134 salus,
431 2075 467 2113 ne
501 2055 634 2112 militibus
657 2055 771 2129 quidem
791 2055 896 2128 ingrata
915 2053 976 2122 tuit,

87 2133 217 2192 eamdem
229 2135 363 2193 virtutem
377 2133 586 2200 obnitentibus,
600 2132 646 2188 cui
659 2133 860 2191 irascebantur.
1031 2204 1034 2210 Ι

126 2211 245 2269 LXXll.
288 2211 422 2269 Perinde
444 2211 603 2278 excubatio,
621 2209 779 2286 disparibus
805 2208 897 2266 causis
911 2226 976 2266 con·

121 2365 352 2438 l'Sullsignaoum
376 2366 492 2422 militem.
523 2363 976 2436 SuspicaturPichenesubsiguu-

85 2454 136 2490 uos
148 2439 248 2492 milites
257 2456 319 2492 esse
329 2441 452 2504 eosdem,
465 2455 535 2506 quos
545 2455 618 2507 saepe
628 2437 744 2492 Teoitus
764 2435 916 2492 vatheos
928 2453 976 2504 cp·
1004 2490 1010 2500 ,

84 2507 179 2574 pellet,
197 2511 263 2562 vere
274 2511 386 2578 quidem
405 2509 573 2576 legionarios
590 2509 803 2572 milites,eedex
816 2507 976 2560 absentibus
1055 2558 1060 2569 ,

9 2639 11 2644 Ι
84 2577 243 2646 legionibus
253 2580 409 2631 arcessitos.
413 2561 508 2656 file
518 2579 593 2630 Ann.
608 2579 683 2629 1.17.

119 2647 309 2716 sescuplum
328 2645 568 2712 ultroimputaoti,
598 2646 678 2696 Adeo
691 2645 797 2696 crimen
819 2643 975 2694 servetae'in

84 2715 208 2772 Galbam
218 2716 282 2766 fidei
292 2730 350 2765 non
359 2713 498 2773 renuit,ut
508 2728 571 2764 eam
581 2722 687 2762 contro.
701 2702 807 2762 Othoni
812 2713 922 2776 gratem
929 2711 975 2760 de-

82 2785 153 2839 bere
163 2799 224 2836 esee
243 2783 358 2845 diceret,
375 2781 479 2848 quippe
493 2780 572 2855 ouius
583 2779 728 2860 interesset
736 2778 807 2831 fidos
813 2777 916 2832 hebere
926 2779 975 2830 mi-

82 2864 211 2977 mimo
232 2919 300 2974 Otho
307 2917 411 2990 querit
431 2923 552 2984 nosceret,
563 2917 610 2972 red
620 2935 652 2970 ae
662 2915 745 2970 hesim
753 2891 850 2970 meum
862 2916 975 2972 reconci-

82 2987 213 3047 linlioois.
223 2991 363 3044 adhiberet.
428 3006 468 3042 neo
478 3001 520 3043 est
531 3000 609 3043 vetus
621 2989 712 3054 lectio,
722 3005 755 3042 ou
756 2989 767 3057 j
772 3006 803 3042 us
813 2989 858 3055 bio
876 3005 975 3043 senem
1075 3003 1077 3008 ·

1 3099 2 3111 κ
84 3080 149 3118 esse
167 3073 274 3132 potest:
294 3061 445 3124 Othonem,
464 3077 549 3130 quum
558 3059 673 3114 Celsum
681 3061 754 3114 inter
762 3075 828 3112 suos
838 3060 973 3114 adscisce-

85 3145 139 3197 ret,
157 3134 272 3196 cavisse,
290 3142 319 3184 et
336 3149 371 3184 ne
390 3131 414 3184 is
432 3131 558 3186 crederet
577 3131 685 3184 venient
698 3131 889 3188 sibideritam
909 3143 975 3180 uum

85 3203 209 3268 nocenti,
221 3201 384 3255 etechonis
394 3200 520 3254 Vitellius
530 3199 613 3252 Celso
625 3210 653 3251 et
662 3201 723 3253 eliis
731 3204 826 3252 metum
835 3147 975 3260 adhiieret,

51 3273 59 3286 '
83 3271 221 3339 injiceret,
239 3271 472 3330 reconciliationis
494 3273 559 3322 oum
575 3267 696 3333 Othone,
718 3270 743 3322 si
761 3268 808 3320 ille
820 3267 975 3318 felsoesset

84 3341 211 3398 nutficte
222 3341 258 3394 ad
273 3351 391 3408 tempus.
429 3338 486 3392 Sed
498 3337 576 3390 locus
588 3337 698 3390 videtur
717 3351 778 3390 esse
796 3337 973 3402 depravatus,
1010 3341 1016 3347 ’

84 3427 140 3466 nec
149 3411 405 3479 quidquamopisin
416 3407 592 3475 Flor.inquo
602 3401 680 3460 deest
688 3394 847 3458 hiesolium.
868 3401 974 3472 Regius
993 3420 1009 3438 ··
1059 3434 1061 3438 ·

85 3479 239 3538 scribiteed
257 3481 341 3533 tosto
361 3472 819 3532 metuerecooeolutiooesntlhibens.
849 3471 974 3541 Ryckius
1012 3475 1017 3485 '

84 3567 102 3610 e
117 3565 170 3602 suo
179 3547 372 3611 codice-dedit,
383 3544 429 3600 sid
440 3563 473 3597 ne
484 3547 709 3611 inclementem,
717 3541 916 3602 conciliatiortes
924 3539 973 3594 atl-

83 3617 197 3678 hibeni:
216 3617 291 3688 quod
298 3619 367 3673 sene
379 3615 492 3670 cuilibet
500 3616 698 3684 interpolatum
707 3614 852 3670 videbitur.
