<?xml version="1.0" encoding="UTF-8"?>
<!DOCTYPE html PUBLIC "-//W3C//DTD XHTML 1.0 Transitional//EN"
    "http://www.w3.org/TR/xhtml1/DTD/xhtml1-transitional.dtd">
<html xmlns="http://www.w3.org/1999/xhtml" xml:lang="en" lang="en">
 <head>
  <title>
</title>
<meta http-equiv="Content-Type" content="text/html;charset=utf-8" />
  <meta name='ocr-system' content='tesseract 3.04.00' />
  <meta name='ocr-capabilities' content='ocr_page ocr_carea ocr_par ocr_line ocrx_word'/>
</head>
<body>
  <div class='ocr_page' id='page_1' title='image "./ccorneliitaciti25tacigoog_0135.png"; bbox 0 0 2214 3986; ppageno 0'>
   <div class='ocr_carea' id='block_1_1' title="bbox 1101 23 1103 158">
    <p class='ocr_par' dir='ltr' id='par_1_1' title="bbox 1101 23 1103 158">
     <span class='ocr_line' id='line_1_1' title="bbox 1101 23 1103 50; baseline 0 0"><span class='ocrx_word' id='word_1_1' title='bbox 1101 23 1103 50; x_wconf 83' lang='lat' dir='ltr'>l</span> 
     </span>
     <span class='ocr_line' id='line_1_2' title="bbox 1101 111 1103 134; baseline 0 0"><span class='ocrx_word' id='word_1_2' title='bbox 1101 111 1103 134; x_wconf 83' lang='lat' dir='ltr'>l</span> 
     </span>
     <span class='ocr_line' id='line_1_3' title="bbox 1101 135 1103 158; baseline 0 0"><span class='ocrx_word' id='word_1_3' title='bbox 1101 135 1103 158; x_wconf 78' lang='lat' dir='ltr'>t</span> 
     </span>
    </p>
   </div>
   <div class='ocr_carea' id='block_1_2' title="bbox 157 157 1103 354">
    <p class='ocr_par' dir='ltr' id='par_1_2' title="bbox 157 157 1103 354">
     <span class='ocr_line' id='line_1_4' title="bbox 326 157 341 188; baseline 0 0"><span class='ocrx_word' id='word_1_4' title='bbox 326 157 341 188; x_wconf 82' lang='lat'>.</span> 
     </span>
     <span class='ocr_line' id='line_1_5' title="bbox 157 169 1103 354; baseline -0.001 -19"><span class='ocrx_word' id='word_1_5' title='bbox 157 277 208 335; x_wconf 83' lang='lat' dir='ltr'>ras</span> <span class='ocrx_word' id='word_1_6' title='bbox 291 238 341 352; x_wconf 74' lang='grc'>’,</span> <span class='ocrx_word' id='word_1_7' title='bbox 436 279 468 334; x_wconf 87' lang='lat' dir='ltr'>c.</span> <span class='ocrx_word' id='word_1_8' title='bbox 486 228 752 347; x_wconf 56' lang='lat' dir='ltr'>cosssmorrr</span> <span class='ocrx_word' id='word_1_9' title='bbox 872 169 1103 354; x_wconf 60' lang='lat' dir='ltr'>necessi</span> 
     </span>
    </p>
   </div>
   <div class='ocr_carea' id='block_1_3' title="bbox 88 413 1103 3258">
    <p class='ocr_par' dir='ltr' id='par_1_3' title="bbox 88 413 1103 3258">
     <span class='ocr_line' id='line_1_6' title="bbox 159 413 1090 480; baseline -0.002 -6"><span class='ocrx_word' id='word_1_10' title='bbox 159 416 248 480; x_wconf 32' lang='lat' dir='ltr'>deus.</span> <span class='ocrx_word' id='word_1_11' title='bbox 266 415 319 476; x_wconf 84' lang='lat' dir='ltr'>sibi</span> <span class='ocrx_word' id='word_1_12' title='bbox 342 415 476 474; x_wconf 85' lang='lat' dir='ltr'>retinens.</span> <span class='ocrx_word' id='word_1_13' title='bbox 517 416 655 474; x_wconf 77' lang='lat' dir='ltr'>Ceterum</span> <span class='ocrx_word' id='word_1_14' title='bbox 676 435 712 474; x_wconf 84' lang='lat' dir='ltr'>er</span> <span class='ocrx_word' id='word_1_15' title='bbox 730 413 894 478; x_wconf 79' lang='lat' dir='ltr'>disuntibus</span> <span class='ocrx_word' id='word_1_16' title='bbox 914 422 1053 473; x_wconf 79' lang='lat' dir='ltr'>terrarum</span> <span class='ocrx_word' id='word_1_17' title='bbox 1087 440 1090 450; x_wconf 77' lang='lat'><em>=</em></span> 
     </span>
     <span class='ocr_line' id='line_1_7' title="bbox 160 492 1084 570; baseline -0.003 -18"><span class='ocrx_word' id='word_1_18' title='bbox 160 494 267 570; x_wconf 71' lang='lat' dir='ltr'>spatiis,</span> <span class='ocrx_word' id='word_1_19' title='bbox 281 492 396 550; x_wconf 86' lang='lat' dir='ltr'>consilia</span> <span class='ocrx_word' id='word_1_20' title='bbox 410 500 474 567; x_wconf 90' lang='lat' dir='ltr'>post</span> <span class='ocrx_word' id='word_1_21' title='bbox 487 511 534 570; x_wconf 78' lang='lat' dir='ltr'>res</span> <span class='ocrx_word' id='word_1_22' title='bbox 547 493 762 550; x_wconf 78' lang='lat' dir='ltr'>adferebantur.</span> <span class='ocrx_word' id='word_1_23' title='bbox 782 537 790 544; x_wconf 54' lang='grc'>,</span> <span class='ocrx_word' id='word_1_24' title='bbox 1082 537 1084 542; x_wconf 86' lang='grc'>.</span> 
     </span>
     <span class='ocr_line' id='line_1_8' title="bbox 160 569 1055 644; baseline -0.002 -16"><span class='ocrx_word' id='word_1_25' title='bbox 160 586 167 596; x_wconf 95' lang='grc'><strong>’</strong></span> <span class='ocrx_word' id='word_1_26' title='bbox 200 569 264 628; x_wconf 84' lang='grc' dir='ltr'>ΙΧ..</span> <span class='ocrx_word' id='word_1_27' title='bbox 290 571 380 644; x_wconf 81' lang='lat' dir='ltr'>Igitur</span> <span class='ocrx_word' id='word_1_28' title='bbox 394 571 542 644; x_wconf 88' lang='lat' dir='ltr'>repentino</span> <span class='ocrx_word' id='word_1_29' title='bbox 556 571 671 628; x_wconf 81' lang='lat' dir='ltr'>incursu</span> <span class='ocrx_word' id='word_1_30' title='bbox 688 569 824 627; x_wconf 90' lang='lat' dir='ltr'>Antonius</span> <span class='ocrx_word' id='word_1_31' title='bbox 843 569 980 626; x_wconf 59' lang='lat' dir='ltr'>dationes</span> <span class='ocrx_word' id='word_1_32' title='bbox 993 569 1055 626; x_wconf 79' lang='lat' dir='ltr'>hos·</span> 
     </span>
     <span class='ocr_line' id='line_1_9' title="bbox 161 646 1103 786; baseline -0.002 -80"><span class='ocrx_word' id='word_1_33' title='bbox 161 648 230 706; x_wconf 90' lang='lat' dir='ltr'>tium</span> <span class='ocrx_word' id='word_1_34' title='bbox 243 647 387 721; x_wconf 77' lang='lat' dir='ltr'>inrumpit,</span> <span class='ocrx_word' id='word_1_35' title='bbox 407 648 574 722; x_wconf 88' lang='lat' dir='ltr'>tentatisque</span> <span class='ocrx_word' id='word_1_36' title='bbox 597 647 656 704; x_wconf 84' lang='lat' dir='ltr'>levi</span> <span class='ocrx_word' id='word_1_37' title='bbox 674 647 777 722; x_wconf 83' lang='lat' dir='ltr'>proelio</span> <span class='ocrx_word' id='word_1_38' title='bbox 792 646 908 712; x_wconf 78' lang='lat' dir='ltr'>animis,</span> <span class='ocrx_word' id='word_1_39' title='bbox 924 665 962 704; x_wconf 79' lang='lat' dir='ltr'>ex</span> <span class='ocrx_word' id='word_1_40' title='bbox 976 663 1054 721; x_wconf 75' lang='lat' dir='ltr'>sequa</span> <span class='ocrx_word' id='word_1_41' title='bbox 1097 650 1103 786; x_wconf 69' lang='grc' dir='ltr'>Ι</span> 
     </span>
     <span class='ocr_line' id='line_1_10' title="bbox 162 721 1054 790; baseline -0.002 -8"><span class='ocrx_word' id='word_1_42' title='bbox 162 725 324 782; x_wconf 81' lang='lat' dir='ltr'>discessum.</span> <span class='ocrx_word' id='word_1_43' title='bbox 366 722 436 779; x_wconf 83' lang='lat' dir='ltr'>Mox</span> <span class='ocrx_word' id='word_1_44' title='bbox 456 721 574 780; x_wconf 71' lang='lat' dir='ltr'>Caecina</span> <span class='ocrx_word' id='word_1_45' title='bbox 592 724 669 780; x_wconf 85' lang='lat' dir='ltr'>inter</span> <span class='ocrx_word' id='word_1_46' title='bbox 681 722 842 790; x_wconf 70' lang='lat' dir='ltr'>Hostiliam,</span> <span class='ocrx_word' id='word_1_47' title='bbox 856 723 953 780; x_wconf 87' lang='lat' dir='ltr'>vicum</span> <span class='ocrx_word' id='word_1_48' title='bbox 967 723 1054 780; x_wconf 89' lang='lat' dir='ltr'>Veru-</span> 
     </span>
     <span class='ocr_line' id='line_1_11' title="bbox 163 799 1101 876; baseline -0.003 -18"><span class='ocrx_word' id='word_1_49' title='bbox 163 803 300 867; x_wconf 89' lang='lat' dir='ltr'>nensium,</span> <span class='ocrx_word' id='word_1_50' title='bbox 315 806 343 856; x_wconf 92' lang='lat' dir='ltr'>et</span> <span class='ocrx_word' id='word_1_51' title='bbox 362 799 479 876; x_wconf 88' lang='lat' dir='ltr'>paludes</span> <span class='ocrx_word' id='word_1_52' title='bbox 501 800 616 873; x_wconf 74' lang='lat' dir='ltr'>Tartpri</span> <span class='ocrx_word' id='word_1_53' title='bbox 629 799 761 868; x_wconf 72' lang='lat' dir='ltr'>liminis,</span> <span class='ocrx_word' id='word_1_54' title='bbox 775 807 865 857; x_wconf 85' lang='lat' dir='ltr'>castra</span> <span class='ocrx_word' id='word_1_55' title='bbox 883 800 1052 874; x_wconf 88' lang='lat' dir='ltr'>permuniit:</span> <span class='ocrx_word' id='word_1_56' title='bbox 1097 818 1101 829; x_wconf 91' lang='lat'><strong>·</strong></span> 
     </span>
     <span class='ocr_line' id='line_1_12' title="bbox 161 869 1102 952; baseline -0.002 -18"><span class='ocrx_word' id='word_1_57' title='bbox 161 885 237 936; x_wconf 90' lang='lat' dir='ltr'>tutus</span> <span class='ocrx_word' id='word_1_58' title='bbox 261 877 335 944; x_wconf 88' lang='lat' dir='ltr'>loco,</span> <span class='ocrx_word' id='word_1_59' title='bbox 358 877 422 942; x_wconf 72' lang='lat' dir='ltr'>crim</span> <span class='ocrx_word' id='word_1_60' title='bbox 444 883 523 951; x_wconf 81' lang='lat' dir='ltr'>terga</span> <span class='ocrx_word' id='word_1_61' title='bbox 542 875 669 946; x_wconf 74' lang='lat' dir='ltr'>flumine,</span> <span class='ocrx_word' id='word_1_62' title='bbox 694 879 784 934; x_wconf 81' lang='lat' dir='ltr'>latere</span> <span class='ocrx_word' id='word_1_63' title='bbox 809 877 924 952; x_wconf 85' lang='lat' dir='ltr'>objectu</span> <span class='ocrx_word' id='word_1_64' title='bbox 951 875 1053 951; x_wconf 85' lang='lat' dir='ltr'>paludis</span> <span class='ocrx_word' id='word_1_65' title='bbox 1096 869 1102 915; x_wconf 80' lang='lat'><strong>¹</strong></span> 
     </span>
     <span class='ocr_line' id='line_1_13' title="bbox 139 953 1092 1030; baseline 0 -20"><span class='ocrx_word' id='word_1_66' title='bbox 139 954 490 1030; x_wconf 78' lang='lat' dir='ltr'>&#39;tegerentur:.qubd.si</span> <span class='ocrx_word' id='word_1_67' title='bbox 517 953 651 1011; x_wconf 80' lang='lat' dir='ltr'>adfuisset</span> <span class='ocrx_word' id='word_1_68' title='bbox 673 953 755 1024; x_wconf 88' lang='lat' dir='ltr'>tides,</span> <span class='ocrx_word' id='word_1_69' title='bbox 775 961 824 1010; x_wconf 88' lang='lat' dir='ltr'>aut</span> <span class='ocrx_word' id='word_1_70' title='bbox 847 953 974 1028; x_wconf 83' lang='lat' dir='ltr'>opprimi</span> <span class='ocrx_word' id='word_1_71' title='bbox 1001 953 1054 1010; x_wconf 90' lang='lat' dir='ltr'>uni·</span> <span class='ocrx_word' id='word_1_72' title='bbox 1088 1008 1092 1017; x_wconf 82' lang='grc'><strong>,</strong></span> 
     </span>
     <span class='ocr_line' id='line_1_14' title="bbox 164 1025 1053 1104; baseline 0 -18"><span class='ocrx_word' id='word_1_73' title='bbox 164 1025 255 1086; x_wconf 87' lang='lat' dir='ltr'>versis</span> <span class='ocrx_word' id='word_1_74' title='bbox 288 1029 503 1088; x_wconf 80' lang='lat' dir='ltr'>Vitellianorum</span> <span class='ocrx_word' id='word_1_75' title='bbox 533 1031 641 1088; x_wconf 82' lang='lat' dir='ltr'>viribus</span> <span class='ocrx_word' id='word_1_76' title='bbox 673 1032 737 1088; x_wconf 74' lang='lat' dir='ltr'>due</span> <span class='ocrx_word' id='word_1_77' title='bbox 770 1031 906 1104; x_wconf 78' lang='lat' dir='ltr'>legiones,</span> <span class='ocrx_word' id='word_1_78' title='bbox 934 1031 1053 1088; x_wconf 87' lang='lat' dir='ltr'>nondum</span> 
     </span>
     <span class='ocr_line' id='line_1_15' title="bbox 164 1107 1099 1183; baseline -0.009 -15"><span class='ocrx_word' id='word_1_79' title='bbox 164 1108 314 1182; x_wconf 84' lang='lat' dir='ltr'>conjunctu</span> <span class='ocrx_word' id='word_1_80' title='bbox 338 1107 456 1164; x_wconf 88' lang='lat' dir='ltr'>Moesico</span> <span class='ocrx_word' id='word_1_81' title='bbox 482 1109 621 1175; x_wconf 78' lang='lat' dir='ltr'>exercitu,</span> <span class='ocrx_word' id='word_1_82' title='bbox 648 1117 789 1183; x_wconf 84' lang='lat' dir='ltr'>potuere,¹</span> <span class='ocrx_word' id='word_1_83' title='bbox 806 1115 852 1164; x_wconf 83' lang='lat' dir='ltr'>aut</span> <span class='ocrx_word' id='word_1_84' title='bbox 877 1114 957 1164; x_wconf 89' lang='lat' dir='ltr'>retro</span> <span class='ocrx_word' id='word_1_85' title='bbox 981 1115 1054 1174; x_wconf 81' lang='lat' dir='ltr'>acte,</span> <span class='ocrx_word' id='word_1_86' title='bbox 1094 1117 1099 1160; x_wconf 77' lang='lat' dir='ltr'>t</span> 
     </span>
     <span class='ocr_line' id='line_1_16' title="bbox 88 1183 1099 1260; baseline -0.003 -18"><span class='ocrx_word' id='word_1_87' title='bbox 88 1197 99 1215; x_wconf 73' lang='lat'><em>⁶</em></span> <span class='ocrx_word' id='word_1_88' title='bbox 165 1185 278 1242; x_wconf 71' lang='lat' dir='ltr'>deserti</span> <span class='ocrx_word' id='word_1_89' title='bbox 302 1185 391 1250; x_wconf 75' lang='lat' dir='ltr'>ltalia,</span> <span class='ocrx_word' id='word_1_90' title='bbox 412 1195 524 1260; x_wconf 86' lang='lat' dir='ltr'>turpem</span> <span class='ocrx_word' id='word_1_91' title='bbox 545 1183 639 1258; x_wconf 84' lang='lat' dir='ltr'>fugem</span> <span class='ocrx_word' id='word_1_92' title='bbox 660 1185 874 1242; x_wconf 78' lang='lat' dir='ltr'>conscivissent.</span> <span class='ocrx_word' id='word_1_93' title='bbox 917 1184 975 1240; x_wconf 91' lang='lat' dir='ltr'>Sed</span> <span class='ocrx_word' id='word_1_94' title='bbox 996 1183 1054 1240; x_wconf 82' lang='lat' dir='ltr'>Ca·</span> <span class='ocrx_word' id='word_1_95' title='bbox 1098 1209 1099 1214; x_wconf 42' lang='lat'>¹</span> 
     </span>
     <span class='ocr_line' id='line_1_17' title="bbox 152 1253 1099 1338; baseline 0.001 -18"><span class='ocrx_word' id='word_1_96' title='bbox 152 1261 239 1330; x_wconf 69' lang='lat' dir='ltr'>sina,</span> <span class='ocrx_word' id='word_1_97' title='bbox 254 1280 307 1338; x_wconf 91' lang='lat' dir='ltr'>per</span> <span class='ocrx_word' id='word_1_98' title='bbox 326 1263 417 1319; x_wconf 81' lang='lat' dir='ltr'>varias</span> <span class='ocrx_word' id='word_1_99' title='bbox 437 1279 529 1323; x_wconf 75' lang='lat' dir='ltr'>mons</span> <span class='ocrx_word' id='word_1_100' title='bbox 550 1261 641 1336; x_wconf 82' lang='lat' dir='ltr'>prima</span> <span class='ocrx_word' id='word_1_101' title='bbox 654 1261 781 1319; x_wconf 84' lang='lat' dir='ltr'>hostibus</span> <span class='ocrx_word' id='word_1_102' title='bbox 795 1261 919 1336; x_wconf 87' lang='lat' dir='ltr'>prodidit</span> <span class='ocrx_word' id='word_1_103' title='bbox 927 1267 1055 1336; x_wconf 56' lang='lat' dir='ltr'>,tempora</span> <span class='ocrx_word' id='word_1_104' title='bbox 1098 1253 1099 1280; x_wconf 60' lang='lat'>¹</span> 
     </span>
     <span class='ocr_line' id='line_1_18' title="bbox 166 1339 1055 1415; baseline -0.004 -17"><span class='ocrx_word' id='word_1_105' title='bbox 166 1340 249 1408; x_wconf 87' lang='lat' dir='ltr'>belli,</span> <span class='ocrx_word' id='word_1_106' title='bbox 265 1339 333 1398; x_wconf 76' lang='lat' dir='ltr'>dues</span> <span class='ocrx_word' id='word_1_107' title='bbox 350 1357 420 1415; x_wconf 76' lang='lat' dir='ltr'>ques</span> <span class='ocrx_word' id='word_1_108' title='bbox 441 1339 523 1396; x_wconf 85' lang='lat' dir='ltr'>armis</span> <span class='ocrx_word' id='word_1_109' title='bbox 545 1341 656 1413; x_wconf 87' lang='lat' dir='ltr'>pellere</span> <span class='ocrx_word' id='word_1_110' title='bbox 675 1345 836 1415; x_wconf 85' lang='lat' dir='ltr'>promptum</span> <span class='ocrx_word' id='word_1_111' title='bbox 859 1346 936 1406; x_wconf 79' lang='lat' dir='ltr'>erat,</span> <span class='ocrx_word' id='word_1_112' title='bbox 955 1339 1055 1412; x_wconf 88' lang='lat' dir='ltr'>episto-</span> 
     </span>
     <span class='ocr_line' id='line_1_19' title="bbox 167 1415 1054 1492; baseline -0.003 -18"><span class='ocrx_word' id='word_1_113' title='bbox 167 1418 201 1474; x_wconf 90' lang='lat' dir='ltr'>lis</span> <span class='ocrx_word' id='word_1_114' title='bbox 214 1419 354 1491; x_wconf 75' lang='lat' dir='ltr'>increpat,</span> <span class='ocrx_word' id='word_1_115' title='bbox 365 1417 455 1473; x_wconf 86' lang='lat' dir='ltr'>donee</span> <span class='ocrx_word' id='word_1_116' title='bbox 470 1435 524 1490; x_wconf 86' lang='lat' dir='ltr'>per</span> <span class='ocrx_word' id='word_1_117' title='bbox 543 1417 654 1478; x_wconf 89' lang='lat' dir='ltr'>nuntios</span> <span class='ocrx_word' id='word_1_118' title='bbox 674 1424 756 1490; x_wconf 87' lang='lat' dir='ltr'>pacta</span> <span class='ocrx_word' id='word_1_119' title='bbox 776 1415 904 1492; x_wconf 74' lang='lat' dir='ltr'>perfidiae</span> <span class='ocrx_word' id='word_1_120' title='bbox 923 1415 1054 1474; x_wconf 87' lang='lat' dir='ltr'>firmaret.</span> 
     </span>
     <span class='ocr_line' id='line_1_20' title="bbox 167 1492 1057 1566; baseline -0.002 -16"><span class='ocrx_word' id='word_1_121' title='bbox 167 1493 284 1552; x_wconf 79' lang='lat' dir='ltr'>interim</span> <span class='ocrx_word' id='word_1_122' title='bbox 320 1493 445 1566; x_wconf 79' lang='lat' dir='ltr'>Aponius</span> <span class='ocrx_word' id='word_1_123' title='bbox 485 1492 648 1550; x_wconf 84' lang='lat' dir='ltr'>Saturninus</span> <span class='ocrx_word' id='word_1_124' title='bbox 687 1511 752 1550; x_wconf 91' lang='lat' dir='ltr'>cum</span> <span class='ocrx_word' id='word_1_125' title='bbox 792 1494 903 1566; x_wconf 80' lang='lat' dir='ltr'>legione</span> <span class='ocrx_word' id='word_1_126' title='bbox 943 1493 1057 1566; x_wconf 70' lang='lat' dir='ltr'>septima</span> 
     </span>
     <span class='ocr_line' id='line_1_21' title="bbox 168 1558 1099 1644; baseline 0.002 -20"><span class='ocrx_word' id='word_1_127' title='bbox 168 1569 320 1625; x_wconf 68' lang='lat' dir='ltr'>Claudiant</span> <span class='ocrx_word' id='word_1_128' title='bbox 341 1569 471 1625; x_wconf 85' lang='lat' dir='ltr'>advenit:</span> <span class='ocrx_word' id='word_1_129' title='bbox 493 1570 596 1642; x_wconf 81' lang='lat' dir='ltr'>legioni</span> <span class='ocrx_word' id='word_1_130' title='bbox 619 1571 748 1628; x_wconf 86' lang='lat' dir='ltr'>tribunus</span> <span class='ocrx_word' id='word_1_131' title='bbox 768 1569 931 1644; x_wconf 84' lang='lat' dir='ltr'>Vipstanius</span> <span class='ocrx_word' id='word_1_132' title='bbox 954 1569 1056 1626; x_wconf 84' lang='lat' dir='ltr'>Messa·</span> <span class='ocrx_word' id='word_1_133' title='bbox 1092 1558 1099 1621; x_wconf 65' lang='lat' dir='ltr'>l</span> 
     </span>
     <span class='ocr_line' id='line_1_22' title="bbox 167 1645 1099 1724; baseline 0 -22"><span class='ocrx_word' id='word_1_134' title='bbox 167 1645 194 1702; x_wconf 89' lang='lat' dir='ltr'>la</span> <span class='ocrx_word' id='word_1_135' title='bbox 207 1652 341 1720; x_wconf 72' lang='lat' dir='ltr'>praeerat,</span> <span class='ocrx_word' id='word_1_136' title='bbox 354 1646 439 1702; x_wconf 86' lang='lat' dir='ltr'>elaris</span> <span class='ocrx_word' id='word_1_137' title='bbox 460 1647 622 1720; x_wconf 86' lang='lat' dir='ltr'>majoribus,</span> <span class='ocrx_word' id='word_1_138' title='bbox 637 1649 766 1724; x_wconf 82' lang='lat' dir='ltr'>egregius</span> <span class='ocrx_word' id='word_1_139' title='bbox 775 1648 858 1722; x_wconf 82' lang='lat' dir='ltr'>ipse,</span> <span class='ocrx_word' id='word_1_140' title='bbox 872 1655 901 1704; x_wconf 90' lang='lat' dir='ltr'>et</span> <span class='ocrx_word' id='word_1_141' title='bbox 921 1646 972 1721; x_wconf 87' lang='lat' dir='ltr'>qui</span> <span class='ocrx_word' id='word_1_142' title='bbox 986 1648 1056 1704; x_wconf 88' lang='lat' dir='ltr'>solus</span> <span class='ocrx_word' id='word_1_143' title='bbox 1098 1645 1099 1649; x_wconf 70' lang='grc'>’</span> 
     </span>
     <span class='ocr_line' id='line_1_23' title="bbox 168 1721 1055 1799; baseline 0 -19"><span class='ocrx_word' id='word_1_144' title='bbox 168 1721 245 1780; x_wconf 85' lang='lat' dir='ltr'>adid</span> <span class='ocrx_word' id='word_1_145' title='bbox 265 1723 371 1778; x_wconf 87' lang='lat' dir='ltr'>bellum</span> <span class='ocrx_word' id='word_1_146' title='bbox 385 1730 459 1780; x_wconf 82' lang='lat' dir='ltr'>artes</span> <span class='ocrx_word' id='word_1_147' title='bbox 472 1724 559 1780; x_wconf 83' lang='lat' dir='ltr'>bones</span> <span class='ocrx_word' id='word_1_148' title='bbox 578 1725 724 1782; x_wconf 78' lang='lat' dir='ltr'>attulisset.</span> <span class='ocrx_word' id='word_1_149' title='bbox 765 1725 824 1782; x_wconf 86' lang='lat' dir='ltr'>Has</span> <span class='ocrx_word' id='word_1_150' title='bbox 843 1724 877 1780; x_wconf 86' lang='lat' dir='ltr'>ad</span> <span class='ocrx_word' id='word_1_151' title='bbox 889 1724 996 1799; x_wconf 89' lang='lat' dir='ltr'>copias,</span> <span class='ocrx_word' id='word_1_152' title='bbox 1010 1743 1055 1780; x_wconf 91' lang='lat' dir='ltr'>ne-</span> 
     </span>
     <span class='ocr_line' id='line_1_24' title="bbox 168 1796 1100 1881; baseline 0.003 -27"><span class='ocrx_word' id='word_1_153' title='bbox 168 1817 306 1874; x_wconf 88' lang='lat' dir='ltr'>quaquam</span> <span class='ocrx_word' id='word_1_154' title='bbox 321 1796 477 1881; x_wconf 75' lang='lat' dir='ltr'>Vitellianis</span> <span class='ocrx_word' id='word_1_155' title='bbox 501 1819 586 1876; x_wconf 86' lang='lat' dir='ltr'>peres</span> <span class='ocrx_word' id='word_1_156' title='bbox 608 1803 729 1880; x_wconf 81' lang='lat' dir='ltr'>(quippe</span> <span class='ocrx_word' id='word_1_157' title='bbox 743 1810 802 1860; x_wconf 87' lang='lat' dir='ltr'>tres</span> <span class='ocrx_word' id='word_1_158' title='bbox 824 1802 914 1860; x_wconf 83' lang='lat' dir='ltr'>adhuc</span> <span class='ocrx_word' id='word_1_159' title='bbox 936 1800 1056 1875; x_wconf 82' lang='lat' dir='ltr'>legiones</span> <span class='ocrx_word' id='word_1_160' title='bbox 1099 1827 1100 1830; x_wconf 39' lang='lat'>¹</span> 
     </span>
     <span class='ocr_line' id='line_1_25' title="bbox 168 1873 1100 1954; baseline 0.004 -23"><span class='ocrx_word' id='word_1_161' title='bbox 168 1873 263 1954; x_wconf 73' lang='lat' dir='ltr'>erant)</span> <span class='ocrx_word' id='word_1_162' title='bbox 278 1873 353 1933; x_wconf 86' lang='lat' dir='ltr'>misit</span> <span class='ocrx_word' id='word_1_163' title='bbox 372 1877 513 1952; x_wconf 83' lang='lat' dir='ltr'>epistolas.</span> <span class='ocrx_word' id='word_1_164' title='bbox 528 1877 654 1948; x_wconf 71' lang='lat' dir='ltr'>Caecina,</span> <span class='ocrx_word' id='word_1_165' title='bbox 676 1888 683 1916; x_wconf 91' lang='lat'>‘</span> <span class='ocrx_word' id='word_1_166' title='bbox 699 1880 886 1937; x_wconf 83' lang='lat' dir='ltr'>temeritatem</span> <span class='ocrx_word' id='word_1_167' title='bbox 900 1879 975 1936; x_wconf 80' lang='lat' dir='ltr'>victa</span> <span class='ocrx_word' id='word_1_168' title='bbox 988 1897 1058 1936; x_wconf 87' lang='lat' dir='ltr'>arma</span> <span class='ocrx_word' id='word_1_169' title='bbox 1099 1886 1100 1924; x_wconf 68' lang='lat' dir='ltr'>l</span> 
     </span>
     <span class='ocr_line' id='line_1_26' title="bbox 169 1951 1101 2022; baseline 0.003 -12"><span class='ocrx_word' id='word_1_170' title='bbox 169 1963 176 1989; x_wconf 89' lang='lat'>‘</span> <span class='ocrx_word' id='word_1_171' title='bbox 192 1954 377 2012; x_wconf 86' lang='lat' dir='ltr'>tractantium’</span> <span class='ocrx_word' id='word_1_172' title='bbox 404 1955 554 2014; x_wconf 84' lang='lat' dir='ltr'>incusans:</span> <span class='ocrx_word' id='word_1_173' title='bbox 584 1957 666 2014; x_wconf 88' lang='lat' dir='ltr'>simul</span> <span class='ocrx_word' id='word_1_174' title='bbox 690 1951 805 2014; x_wconf 83' lang='lat' dir='ltr'>‘virtus</span> <span class='ocrx_word' id='word_1_175' title='bbox 821 1955 989 2022; x_wconf 87' lang='lat' dir='ltr'>Germanici</span> <span class='ocrx_word' id='word_1_176' title='bbox 1002 1957 1057 2013; x_wconf 80' lang='lat' dir='ltr'>ex·</span> <span class='ocrx_word' id='word_1_177' title='bbox 1099 1967 1101 2022; x_wconf 55' lang='grc' dir='ltr'>ξ</span> 
     </span>
     <span class='ocr_line' id='line_1_27' title="bbox 169 2031 1057 2102; baseline -0.001 -13"><span class='ocrx_word' id='word_1_178' title='bbox 169 2031 316 2100; x_wconf 64' lang='lat' dir='ltr'>‘emittis’</span> <span class='ocrx_word' id='word_1_179' title='bbox 335 2032 464 2090; x_wconf 86' lang='lat' dir='ltr'>laudibus</span> <span class='ocrx_word' id='word_1_180' title='bbox 483 2035 671 2102; x_wconf 82' lang='lat' dir='ltr'>attollebatur,</span> <span class='ocrx_word' id='word_1_181' title='bbox 685 2033 793 2092; x_wconf 89' lang='lat' dir='ltr'>Vitellii</span> <span class='ocrx_word' id='word_1_182' title='bbox 814 2035 924 2092; x_wconf 75' lang='lat' dir='ltr'>modica</span> <span class='ocrx_word' id='word_1_183' title='bbox 948 2041 977 2092; x_wconf 90' lang='lat' dir='ltr'>et</span> <span class='ocrx_word' id='word_1_184' title='bbox 999 2035 1057 2095; x_wconf 90' lang='lat' dir='ltr'>vul·</span> 
     </span>
     <span class='ocr_line' id='line_1_28' title="bbox 166 2107 1056 2185; baseline 0 -19"><span class='ocrx_word' id='word_1_185' title='bbox 166 2107 230 2185; x_wconf 81' lang='lat' dir='ltr'>gari</span> <span class='ocrx_word' id='word_1_186' title='bbox 248 2111 401 2179; x_wconf 88' lang='lat' dir='ltr'>mentione,</span> <span class='ocrx_word' id='word_1_187' title='bbox 415 2111 491 2167; x_wconf 76' lang='lat' dir='ltr'>nullb</span> <span class='ocrx_word' id='word_1_188' title='bbox 509 2111 537 2167; x_wconf 92' lang='lat' dir='ltr'>in</span> <span class='ocrx_word' id='word_1_189' title='bbox 559 2110 618 2170; x_wconf 86' lang='lat' dir='ltr'>Ves</span> <span class='ocrx_word' id='word_1_190' title='bbox 639 2113 762 2168; x_wconf 85' lang='lat' dir='ltr'>asianum</span> <span class='ocrx_word' id='word_1_191' title='bbox 774 2112 967 2170; x_wconf 68' lang='lat' dir='ltr'>contumeliis:</span> <span class='ocrx_word' id='word_1_192' title='bbox 989 2111 1056 2168; x_wconf 90' lang='lat' dir='ltr'>nibil</span> 
     </span>
     <span class='ocr_line' id='line_1_29' title="bbox 168 2131 1056 2336; baseline 0.002 -18"><span class='ocrx_word' id='word_1_193' title='bbox 168 2131 904 2336; x_wconf 46' lang='lat' dir='ltr'>sissimus.tradamaue</span> <span class='ocrx_word' id='word_1_194' title='bbox 924 2195 1056 2323; x_wconf 72' lang='lat' dir='ltr'>utu</span> 
     </span>
     <span class='ocr_line' id='line_1_30' title="bbox 634 2308 641 2334; baseline 0 0"><span class='ocrx_word' id='word_1_195' title='bbox 634 2308 641 2334; x_wconf 71' lang='grc'><strong>9</strong></span> 
     </span>
     <span class='ocr_line' id='line_1_31' title="bbox 99 2287 1056 2419; baseline 0.006 -27"><span class='ocrx_word' id='word_1_196' title='bbox 99 2351 114 2376; x_wconf 82' lang='grc'><em>·</em></span> <span class='ocrx_word' id='word_1_197' title='bbox 168 2336 344 2404; x_wconf 88' lang='lat' dir='ltr'>defensione,</span> <span class='ocrx_word' id='word_1_198' title='bbox 358 2358 411 2413; x_wconf 91' lang='lat' dir='ltr'>pro</span> <span class='ocrx_word' id='word_1_199' title='bbox 432 2339 604 2415; x_wconf 77' lang='lat' dir='ltr'>Vespasiano</span> <span class='ocrx_word' id='word_1_200' title='bbox 625 2343 781 2418; x_wconf 75' lang='lat' dir='ltr'>magnifice,</span> <span class='ocrx_word' id='word_1_201' title='bbox 795 2287 849 2419; x_wconf 59' lang='lat' dir='ltr'>piro</span> <span class='ocrx_word' id='word_1_202' title='bbox 871 2345 957 2402; x_wconf 76' lang='lat' dir='ltr'>causi</span> <span class='ocrx_word' id='word_1_203' title='bbox 974 2342 1056 2413; x_wconf 82' lang='lat' dir='ltr'>fiden-</span> 
     </span>
     <span class='ocr_line' id='line_1_32' title="bbox 168 2413 1055 2494; baseline 0.005 -24"><span class='ocrx_word' id='word_1_204' title='bbox 168 2420 223 2481; x_wconf 89' lang='lat' dir='ltr'>ter,</span> <span class='ocrx_word' id='word_1_205' title='bbox 250 2413 285 2470; x_wconf 89' lang='lat' dir='ltr'>de</span> <span class='ocrx_word' id='word_1_206' title='bbox 316 2415 394 2472; x_wconf 82' lang='lat' dir='ltr'>exitu</span> <span class='ocrx_word' id='word_1_207' title='bbox 420 2417 525 2485; x_wconf 89' lang='lat' dir='ltr'>securi,</span> <span class='ocrx_word' id='word_1_208' title='bbox 551 2419 580 2474; x_wconf 88' lang='lat' dir='ltr'>in</span> <span class='ocrx_word' id='word_1_209' title='bbox 607 2416 762 2490; x_wconf 89' lang='lat' dir='ltr'>Vitellium,</span> <span class='ocrx_word' id='word_1_210' title='bbox 789 2430 820 2478; x_wconf 92' lang='lat' dir='ltr'>ut</span> <span class='ocrx_word' id='word_1_211' title='bbox 845 2420 963 2488; x_wconf 89' lang='lat' dir='ltr'>inimici,</span> <span class='ocrx_word' id='word_1_212' title='bbox 986 2439 1055 2494; x_wconf 76' lang='lat' dir='ltr'>prae·</span> 
     </span>
     <span class='ocr_line' id='line_1_33' title="bbox 167 2490 1055 2574; baseline 0.01 -27"><span class='ocrx_word' id='word_1_213' title='bbox 167 2509 318 2566; x_wconf 85' lang='lat' dir='ltr'>sumpsere</span> <span class='ocrx_word' id='word_1_214' title='bbox 330 2490 352 2547; x_wconf 88' lang='lat'>:¹</span> <span class='ocrx_word' id='word_1_215' title='bbox 376 2491 451 2550; x_wconf 64' lang='lat' dir='ltr'>facti</span> <span class='ocrx_word' id='word_1_216' title='bbox 462 2494 581 2551; x_wconf 90' lang='lat' dir='ltr'>tribunis</span> <span class='ocrx_word' id='word_1_217' title='bbox 596 2497 864 2574; x_wconf 87' lang='lat' dir='ltr'>centurionibusque</span> <span class='ocrx_word' id='word_1_218' title='bbox 886 2509 893 2534; x_wconf 90' lang='lat'>‘</span> <span class='ocrx_word' id='word_1_219' title='bbox 910 2496 1055 2562; x_wconf 78' lang='lat' dir='ltr'>retinendi,</span> 
     </span>
     <span class='ocr_line' id='line_1_34' title="bbox 168 2566 1101 2650; baseline 0.005 -27"><span class='ocrx_word' id='word_1_220' title='bbox 168 2576 256 2643; x_wconf 83' lang='lat' dir='ltr'>‘quae</span> <span class='ocrx_word' id='word_1_221' title='bbox 282 2566 414 2624; x_wconf 88' lang='lat' dir='ltr'>Vitellius</span> <span class='ocrx_word' id='word_1_222' title='bbox 438 2571 617 2640; x_wconf 70' lang='lat' dir='ltr'>indulsisset’</span> <span class='ocrx_word' id='word_1_223' title='bbox 641 2593 713 2648; x_wconf 87' lang='lat' dir='ltr'>spe:</span> <span class='ocrx_word' id='word_1_224' title='bbox 738 2580 828 2649; x_wconf 79' lang='lat' dir='ltr'>&#39;atque</span> <span class='ocrx_word' id='word_1_225' title='bbox 851 2576 944 2650; x_wconf 90' lang='lat' dir='ltr'>ipsum</span> <span class='ocrx_word' id='word_1_226' title='bbox 968 2573 1054 2632; x_wconf 85' lang='lat' dir='ltr'>Caeci·</span> <span class='ocrx_word' id='word_1_227' title='bbox 1100 2611 1101 2628; x_wconf 69' lang='lat'>.</span> 
     </span>
     <span class='ocr_line' id='line_1_35' title="bbox 167 2646 1054 2722; baseline 0.003 -20"><span class='ocrx_word' id='word_1_228' title='bbox 167 2663 230 2703; x_wconf 86' lang='lat' dir='ltr'>nam</span> <span class='ocrx_word' id='word_1_229' title='bbox 253 2663 308 2702; x_wconf 91' lang='lat' dir='ltr'>non</span> <span class='ocrx_word' id='word_1_230' title='bbox 325 2646 444 2703; x_wconf 66' lang='lat' dir='ltr'>obscum</span> <span class='ocrx_word' id='word_1_231' title='bbox 465 2647 500 2702; x_wconf 86' lang='lat' dir='ltr'>ed</span> <span class='ocrx_word' id='word_1_232' title='bbox 524 2649 717 2709; x_wconf 81' lang='lat' dir='ltr'>transitionem</span> <span class='ocrx_word' id='word_1_233' title='bbox 738 2652 932 2710; x_wconf 87' lang='lat' dir='ltr'>hortabantur.</span> <span class='ocrx_word' id='word_1_234' title='bbox 975 2649 1054 2722; x_wconf 72' lang='lat' dir='ltr'>Reci·</span> 
     </span>
     <span class='ocr_line' id='line_1_36' title="bbox 165 2723 1056 2803; baseline 0.004 -23"><span class='ocrx_word' id='word_1_235' title='bbox 165 2730 231 2780; x_wconf 73' lang='lat' dir='ltr'>tatas</span> <span class='ocrx_word' id='word_1_236' title='bbox 255 2742 310 2797; x_wconf 90' lang='lat' dir='ltr'>pro</span> <span class='ocrx_word' id='word_1_237' title='bbox 332 2723 469 2781; x_wconf 86' lang='lat' dir='ltr'>concione</span> <span class='ocrx_word' id='word_1_238' title='bbox 491 2725 634 2798; x_wconf 77' lang='lat' dir='ltr'>epistolae2</span> <span class='ocrx_word' id='word_1_239' title='bbox 660 2727 794 2785; x_wconf 86' lang='lat' dir='ltr'>addidere</span> <span class='ocrx_word' id='word_1_240' title='bbox 820 2729 963 2796; x_wconf 82' lang='lat' dir='ltr'>fiduciam,</span> <span class='ocrx_word' id='word_1_241' title='bbox 984 2725 1056 2803; x_wconf 74' lang='lat' dir='ltr'>quod</span> 
     </span>
     <span class='ocr_line' id='line_1_37' title="bbox 113 2798 1054 2880; baseline 0.004 -25"><span class='ocrx_word' id='word_1_242' title='bbox 113 2861 117 2868; x_wconf 57' lang='grc'>,</span> <span class='ocrx_word' id='word_1_243' title='bbox 166 2800 302 2858; x_wconf 73' lang='lat' dir='ltr'>submisse</span> <span class='ocrx_word' id='word_1_244' title='bbox 326 2798 451 2868; x_wconf 78' lang='lat' dir='ltr'>Caecina,</span> <span class='ocrx_word' id='word_1_245' title='bbox 465 2802 544 2858; x_wconf 89' lang='lat' dir='ltr'>velut</span> <span class='ocrx_word' id='word_1_246' title='bbox 559 2803 709 2860; x_wconf 84' lang='lat' dir='ltr'>offendere</span> <span class='ocrx_word' id='word_1_247' title='bbox 733 2803 937 2880; x_wconf 89' lang='lat' dir='ltr'>Vespasianum</span> <span class='ocrx_word' id='word_1_248' title='bbox 958 2805 1054 2862; x_wconf 88' lang='lat' dir='ltr'>timens</span> 
     </span>
     <span class='ocr_line' id='line_1_38' title="bbox 165 2875 1055 2957; baseline 0.004 -25"><span class='ocrx_word' id='word_1_249' title='bbox 165 2875 292 2951; x_wconf 86' lang='lat' dir='ltr'>ipsorum</span> <span class='ocrx_word' id='word_1_250' title='bbox 316 2877 414 2946; x_wconf 86' lang='lat' dir='ltr'>duces,</span> <span class='ocrx_word' id='word_1_251' title='bbox 440 2878 633 2954; x_wconf 79' lang='lat' dir='ltr'>contemptim,</span> <span class='ocrx_word' id='word_1_252' title='bbox 653 2886 795 2957; x_wconf 80' lang='lat' dir='ltr'>tamquam</span> <span class='ocrx_word' id='word_1_253' title='bbox 820 2884 984 2942; x_wconf 86' lang='lat' dir='ltr'>insultantes</span> <span class='ocrx_word' id='word_1_254' title='bbox 1008 2879 1055 2936; x_wconf 92' lang='lat' dir='ltr'>Vi·</span> 
     </span>
     <span class='ocr_line' id='line_1_39' title="bbox 166 2952 937 3026; baseline -0.001 -15"><span class='ocrx_word' id='word_1_255' title='bbox 166 2954 255 3021; x_wconf 89' lang='lat' dir='ltr'>tellio,</span> <span class='ocrx_word' id='word_1_256' title='bbox 269 2952 456 3026; x_wconf 89' lang='lat' dir='ltr'>scripsissent.</span> <span class='ocrx_word' id='word_1_257' title='bbox 927 2965 937 3004; x_wconf 80' lang='grc'>’-</span> 
     </span>
     <span class='ocr_line' id='line_1_40' title="bbox 205 3025 1100 3116; baseline 0.009 -34"><span class='ocrx_word' id='word_1_258' title='bbox 205 3025 241 3085; x_wconf 88' lang='lat' dir='ltr'>X.</span> <span class='ocrx_word' id='word_1_259' title='bbox 283 3029 413 3086; x_wconf 84' lang='lat' dir='ltr'>Adventu</span> <span class='ocrx_word' id='word_1_260' title='bbox 435 3031 537 3089; x_wconf 91' lang='lat' dir='ltr'>deinde</span> <span class='ocrx_word' id='word_1_261' title='bbox 560 3032 677 3091; x_wconf 88' lang='lat' dir='ltr'>duarum</span> <span class='ocrx_word' id='word_1_262' title='bbox 691 3035 843 3111; x_wconf 80' lang='lat' dir='ltr'>legionum,</span> <span class='ocrx_word' id='word_1_263' title='bbox 855 3058 873 3096; x_wconf 89' lang='lat' dir='ltr'>e</span> <span class='ocrx_word' id='word_1_264' title='bbox 887 3027 989 3116; x_wconf 70' lang='lat' dir='ltr'>quilius</span> <span class='ocrx_word' id='word_1_265' title='bbox 1001 3049 1054 3099; x_wconf 74' lang='lat' dir='ltr'>ter.</span> <span class='ocrx_word' id='word_1_266' title='bbox 1098 3029 1100 3036; x_wconf 72' lang='grc'>’</span> 
     </span>
     <span class='ocr_line' id='line_1_41' title="bbox 165 3105 1052 3194; baseline 0.014 -30"><span class='ocrx_word' id='word_1_267' title='bbox 165 3106 232 3164; x_wconf 81' lang='lat' dir='ltr'>tiam</span> <span class='ocrx_word' id='word_1_268' title='bbox 265 3105 366 3162; x_wconf 91' lang='lat' dir='ltr'>Dillius</span> <span class='ocrx_word' id='word_1_269' title='bbox 405 3108 577 3181; x_wconf 87' lang='lat' dir='ltr'>Aponianus,</span> <span class='ocrx_word' id='word_1_270' title='bbox 598 3119 742 3169; x_wconf 73' lang='lat' dir='ltr'>octavam</span> <span class='ocrx_word' id='word_1_271' title='bbox 776 3114 920 3176; x_wconf 88' lang='lat' dir='ltr'>Numisius</span> <span class='ocrx_word' id='word_1_272' title='bbox 959 3119 1052 3194; x_wconf 89' lang='lat' dir='ltr'>Lupus</span> 
     </span>
     <span class='ocr_line' id='line_1_42' title="bbox 148 3183 1051 3258; baseline 0.014 -16"><span class='ocrx_word' id='word_1_273' title='bbox 148 3183 313 3252; x_wconf 77' lang='lat' dir='ltr'>ducebant,</span> <span class='ocrx_word' id='word_1_274' title='bbox 340 3190 481 3246; x_wconf 83' lang='lat' dir='ltr'>ostentare</span> <span class='ocrx_word' id='word_1_275' title='bbox 507 3187 595 3258; x_wconf 77' lang='lat' dir='ltr'>uires,</span> <span class='ocrx_word' id='word_1_276' title='bbox 617 3196 647 3246; x_wconf 84' lang='lat' dir='ltr'>et</span> <span class='ocrx_word' id='word_1_277' title='bbox 671 3189 784 3250; x_wconf 83' lang='lat' dir='ltr'>militari</span> <span class='ocrx_word' id='word_1_278' title='bbox 810 3195 885 3250; x_wconf 87' lang='lat' dir='ltr'>vallo</span> <span class='ocrx_word' id='word_1_279' title='bbox 912 3193 1051 3255; x_wconf 84' lang='lat' dir='ltr'>Veronam</span> 
     </span>
    </p>
   </div>
   <div class='ocr_carea' id='block_1_4' title="bbox 117 3361 1099 3644">
    <p class='ocr_par' dir='ltr' id='par_1_4' title="bbox 151 3361 1053 3508">
     <span class='ocr_line' id='line_1_43' title="bbox 184 3361 1053 3441; baseline 0.017 -30"><span class='ocrx_word' id='word_1_280' title='bbox 184 3361 215 3441; x_wconf 33' lang='lat'>&#39;1</span> <span class='ocrx_word' id='word_1_281' title='bbox 234 3361 268 3414; x_wconf 78' lang='lat' dir='ltr'>Ia</span> <span class='ocrx_word' id='word_1_282' title='bbox 284 3361 419 3418; x_wconf 71' lang='lat' dir='ltr'>Vitellium</span> <span class='ocrx_word' id='word_1_283' title='bbox 429 3371 461 3419; x_wconf 79' lang='lat' dir='ltr'>ut</span> <span class='ocrx_word' id='word_1_284' title='bbox 471 3365 588 3433; x_wconf 51' lang='lat' dir='ltr'>s’ui&#39;sm&#39;ci,¹</span> <span class='ocrx_word' id='word_1_285' title='bbox 599 3385 799 3440; x_wconf 61' lang='lat' dir='ltr'>prerumpere.</span> <span class='ocrx_word' id='word_1_286' title='bbox 833 3373 905 3427; x_wconf 86' lang='lat' dir='ltr'>Ausi</span> <span class='ocrx_word' id='word_1_287' title='bbox 916 3384 982 3430; x_wconf 84' lang='lat' dir='ltr'>sunt</span> <span class='ocrx_word' id='word_1_288' title='bbox 994 3383 1053 3427; x_wconf 76' lang='lat' dir='ltr'>ent·</span> 
     </span>
     <span class='ocr_line' id='line_1_44' title="bbox 151 3430 831 3508; baseline 0.022 -33"><span class='ocrx_word' id='word_1_289' title='bbox 151 3430 308 3508; x_wconf 67' lang='lat' dir='ltr'>mumdum</span> <span class='ocrx_word' id='word_1_290' title='bbox 320 3433 355 3484; x_wconf 89' lang='lat' dir='ltr'>de</span> <span class='ocrx_word' id='word_1_291' title='bbox 365 3432 475 3488; x_wconf 86' lang='lat' dir='ltr'>Vitellio</span> <span class='ocrx_word' id='word_1_292' title='bbox 487 3437 608 3490; x_wconf 77' lang='lat' dir='ltr'>scribere</span> <span class='ocrx_word' id='word_1_293' title='bbox 621 3440 831 3492; x_wconf 76' lang='lat' dir='ltr'>contumeliose.</span> 
     </span>
    </p>

    <p class='ocr_par' dir='ltr' id='par_1_5' title="bbox 117 3491 1099 3942">
     <span class='ocr_line' id='line_1_45' title="bbox 198 3491 1099 3580; baseline 0.032 -37"><span class='ocrx_word' id='word_1_294' title='bbox 198 3491 358 3572; x_wconf 59' lang='lat' dir='ltr'>illibatum</span> <span class='ocrx_word' id='word_1_295' title='bbox 394 3502 691 3574; x_wconf 73' lang='lat' dir='ltr'>mwucioueept&#39;utolu.</span> <span class='ocrx_word' id='word_1_296' title='bbox 727 3507 1055 3580; x_wconf 67' lang='lat' dir='ltr'>Nempe&#39;etcoetinsstl</span> <span class='ocrx_word' id='word_1_297' title='bbox 1098 3569 1099 3572; x_wconf 76' lang='grc'>,</span> 
     </span>
     <span class='ocr_line' id='line_1_46' title="bbox 117 3517 784 3644; baseline 0.029 -31"><span class='ocrx_word' id='word_1_298' title='bbox 117 3634 122 3644; x_wconf 34' lang='grc'><strong>,</strong></span> <span class='ocrx_word' id='word_1_299' title='bbox 164 3551 322 3629; x_wconf 69' lang='lat' dir='ltr'>Flavianos,</span> <span class='ocrx_word' id='word_1_300' title='bbox 334 3517 574 3628; x_wconf 66' lang='lat' dir='ltr'>etit-vinorum</span> <span class='ocrx_word' id='word_1_301' title='bbox 586 3575 623 3628; x_wconf 80' lang='lat' dir='ltr'>ad</span> <span class='ocrx_word' id='word_1_302' title='bbox 634 3574 784 3636; x_wconf 72' lang='lat' dir='ltr'>Caecinam.</span> 
     </span>
    </p>
   </div>
   <div class='ocr_carea' id='block_1_5' title="bbox 0 0 1119 3986">
    <p class='ocr_par' dir='ltr' id='par_1_6' title="bbox 0 0 1119 3986">
     <span class='ocr_line' id='line_1_47' title="bbox 0 0 1119 3986; baseline 0 0"><span class='ocrx_word' id='word_1_303' title='bbox 0 0 1119 3986; x_wconf 95' lang='lat' dir='ltr'> </span> 
     </span>
    </p>
   </div>
  </div>
 </body>
</html>
