2252 3958
123 309 204 380 m,
387 305 705 364 acosm'rsom
774 301 1013 366 'merstem
1112 336 1116 354 ·

124 461 303 531 rporegeret,
334 463 488 532 paventem
521 451 649 524 sileritio‚¹
668 451 825 529 patientias
865 456 1015 529 postremb

125 534 258 606 precibus
281 551 312 588 ac
331 532 452 588 lacrimis
475 531 586 589 reniam
606 532 782 614 quaerebant.
823 530 863 587 Ut
876 533 949 588 verb
962 531 1014 588 de-

123 607 222 666 formis
235 616 263 666 et
274 607 354 677 flens,
375 615 405 666 et
429 615 536 682 praeter
552 626 633 682 spem
649 607 796 678 incolumis
814 607 921 664 Valens
943 626 1012 682 pro-

125 686 220 753 cessit,
242 685 382 758 gaudium,
403 685 556 752 miseratio,
575 683 674 741 lavor:
696 684 773 742 versi
786 685 815 740 in
827 685 951 742 letitiam
967 685 1015 764 (ut

126 768 169 818 est
182 762 280 834 vulgus
288 768 408 835 utroque
418 760 609 838 immodicum)
618 761 762 818 laudantes
774 767 1012 894 gratanquepffe,

125 836 324 910 circumdatum
337 837 436 912 aquilis
449 838 600 914 signisque,
610 838 638 894 in
661 838 782 912 tribunal
800 837 934 894 seruum·
972 837 1014 916 le,

125 911 186 968 utili
198 913 399 982 moderatione,
413 933 468 972 non
490 915 660 1001 supplipium
679 915 843 990 cujusquam
857 915 988 989 poposcit
1002 949 1011 983 :

125 1006 157 1044 ac
183 1007 220 1046 ne
240 990 413 1048 dissimulans
439 993 596 1065 suspectior
621 989 705 1058 soret,
719 1009 824 1066 paucos
838 991 977 1048 inaruerit
987 1004 1015 1048 :2

124 1081 227 1138 gnarus
253 1067 381 1124 civilibus
400 1069 482 1126 bellis
496 1069 560 1144 plus
578 1068 723 1136 militibus,
745 1069 829 1142 quam
845 1067 963 1124 ducibus
977 1061 1013 1122 li-

125 1157 204 1200 cere.

164 1219 256 1276 XXX.
290 1221 481 1280 Munientibus
493 1185 585 1281 bastra
598 1222 671 1295 apud
685 1221 828 1289 Ticinum,
838 1221 875 1276 de
892 1221 1017 1278 adversat

124 1292 248 1356 Cecine
258 1302 350 1374 pugna
364 1302 486 1367 allatum,
500 1306 530 1356 et
541 1299 632 1374 prope
643 1307 776 1356 renovata
795 1297 905 1365 seditio,
920 1305 928 1331 ‘
942 1303 1014 1354 tam-

124 1379 232 1450 ‘quam
254 1375 351 1434 fraude
365 1384 394 1432 et
406 1375 626 1448 cunctationibus
639 1373 765 1432 Valentis
781 1374 883 1449 prelio
906 1371 1017 1431 defuiss

125 1457 133 1484 ‘
148 1453 230 1508 sent’
272 1448 357 1516 Nolle
371 1454 509 1526 requiem,
523 1469 579 1508 non
599 1458 766 1526 exspectare
779 1452 890 1519 ducem,
904 1451 1017 1508 anteire

125 1527 211 1599 signe,
225 1545 328 1600 urgere
348 1527 512 1601 signiferosz
534 1528 631 1603 rapido
645 1529 752 1601 agmine
761 1527 884 1586 Cmcinae
892 1528 1015 1602 jungun.

124 1609 180 1658 tur.
213 1604 392 1679 improspera
406 1604 531 1665 Valentis
545 1603 616 1662 sama
630 1605 703 1680 apud
716 1605 873 1662 exercit-um
886 1604 1015 1664 (locine

126 1685 205 1735 erat:
228 1688 236 1714 ‘
251 1681 394 1755 expositos
412 1700 443 1739 se
456 1683 533 1739 tante
544 1682 690 1757 pauciores
704 1683 819 1756 integris
832 1681 953 1741 hostium
967 1682 1015 1738 vi-

126 1763 133 1789 ‘
149 1756 236 1826 ribus'
251 1759 452 1830 querebantur,
465 1759 547 1815 simul
560 1759 678 1816 insuam
692 1760 910 1827 excusationem,
921 1765 951 1814 et
962 1758 1017 1814 ad-

125 1833 295 1890 tentantium
309 1836 398 1890 robur
410 1855 464 1910 per
474 1836 660 1894 adulationem
671 1837 842 1904 attollentes,
855 1855 892 1893 ne
900 1841 930 1892 ut
942 1835 1018 1892 victi

111 1915 154 1965 et
166 1907 256 1982 ignavi
282 1911 525 1986 despectaren'tur.
567 1906 603 1969 Et
616 1931 796 1988 quemquam.
807 1915 872 1988 plus
896 1912 1017 1983 sirium,

124 1988 215 2062 prope
229 1987 385 2062 duplicatus
399 1990 540 2063 legionum
553 1988 776 2065 auxiliorumque
799 2009 934 2053 numerus
950 1997 1019 2047 erat

124 2061 246 2133 Valenti,
264 2065 354 2122 studia
373 2073 466 2124 tamen
479 2067 598 2124 militum
611 2067 640 2123 in
660 2065 802 2124 Caeciuem
822 2063 1014 2138 inclinabant;

124 2157 211 2215 super
231 2142 431 2215 benignitatem
461 2143 554 2210 animi,
576 2145 632 2218 qut
662 2145 821 2220 promptior
842 2145 1015 2214 habebatur,

125 2218 208 2273 etiam
230 2219 329 2290 vigore
356 2220 454 2287 etatis,
479 2221 651 2294 proceritate
679 2221 819 2294 corporis,
840 2229 870 2279 et
891 2220 1017 2295 quodam

97 2356 99 2365 y
123 2293 199 2348 inani
210 2293 337 2365 lavore-3
375 2293 449 2354 Hinc
463 2297 602 2353 emulatio
615 2286 742 2354 ducibus.
784 2297 907 2366 Caeciue,
918 2303 947 2353 ut
958 2296 1015 2354 foe-

124 2376 131 2402 ‘
143 2368 208 2424 dum
222 2377 251 2425 et
262 2371 434 2428 maculosum
446 2373 481 2428 2’4
494 2373 553 2439 ille,
568 2381 575 2430 t
588 2381 619 2430 ot
631 2392 734 2431 vanum
747 2393 779 2431 ac
792 2375 946 2444 tumidum‚'
970 2375 1015 2430 in-

124 2445 261 2523 ridebant.
303 2447 360 2502 Sed
385 2449 497 2507 condito
511 2449 586 2518 odio,
600 2451 727 2508 eamdem
740 2452 886 2510 utilitatem
898 2451 1014 2521 severe,

123 2523 231 2580 crebris
253 2523 391 2599 epistolis,
407 2527 492 2584 sine·
504 2535 637 2602 respectu
657 2530 761 2596 veniae,
783 2531 890 2604 probra
903 2527 1013 2586 Othoni

121 2679 124 2700 ²
158 2679 328 2734 lPatientid.
365 2682 643 2757 vigiliaqumseilmet
652 2701 708 2738 non
718 2686 864 2739 obitamm.
897 2684 1014 2754 Lipsius
1120 2699 1121 2708 ¹

123 2749 217 2802 mallet
224 2750 400 2819 pudendm
417 2743 467 2806 sed
480 2754 548 2806 nihil
562 2765 669 2807 mutant
682 2755 801 2806 codices.

157 2817 175 2870 2
190 2819 294 2874 Paucos
304 2820 446 2875 iamavit.
465 2822 569 2876 Milites
581 2824 716 2890 quosdam
728 2823 871 2876 seditionis
883 2823 1012 2879 nomina·

124 2887 172 2938 tim
185 2889 284 2955 arguit,
296 2905 340 2952 ne,
352 2891 375 2954 si
393 2907 533 2944 nemmem
553 2893 733 2944 nominasset.
741 2903 871 2959 suspecta
882 2893 944 2960 ejus
954 2893 1012 2946 dis-

124 2955 262 3024 simbl'etio
274 2957 353 3011 soret.

143 3022 176 3102 Ι,3
187 3023 226 3075 Et
235 3026 348 3090 quodam
358 3024 548 3097 inanisooorc.
584 3029 765 3083 Admittende
776 3019 886 3083 videtur
898 3029 1011 3082 Grono-

125 3107 161 3144 vu
172 3092 332 3159 conjectura
343 3096 470 3163 legentis,
482 3104 506 3150 et
517 3099 630 3167 quodam
646 3097 877 3167 inaniumsaoore,
886 3110 918 3151 ut
929 3099 1013 3151 intel-

124 3161 245 3241 ligantur
255 3160 284 3215 a'
303 3167 436 3229 oraetatis,
448 3177 477 3220 et
493 3165 637 3236 morositas
647 3168 778 3235 corporis,
789 3183 851 3234 quae
862 3178 928 3220 sunt
945 3166 1011 3221 ino-

124 3247 180 3309 rrpa.
217 3231 263 3303 Sic
302 3249 348 3286 nn.
359 3235 400 3286 13.
412 3235 437 3289 Β.
467 3236 589 3291 Corbulo
600 3237 726 3290 diciturc
773 3251 815 3288 ore
833 3235 1010 3313 ὀψωνη-

124 3296 164 3352 to
258 3299 440 3370 ificus...etimn
451 3304 535 3373 specie
544 3304 671 3358 inanium
685 3304 741 3359 vuli
759 3321 800 3358 us.

127 3433 133 3444 ·
159 3367 176 3418 4
231 3369 292 3422 'um
300 3374 506 3428 mmocalosum.
524 3374 710 3442 Interpretare
719 3373 915 3428 oemdronori
949 3389 1009 3430 non

125 3437 674 3503 rgnavismettimorem,sedlibidinemet
682 3445 872 3512 rapacitatem.
881 3443 928 3497 Sic
964 3443 1011 3498 ist.

122 3499 1011 3584 ⁵1,desomnem:avaritioettttdeesoedomocmacutomn.

1112 645 1125 908 ·

1106 1350 1122 1835 ἱ

1108 1886 1121 2305 ²

1105 2726 1121 2881 t
