2254 3960
90 346 237 410 neos.
452 344 686 408 amussis..
939 352 1025 450 ¹nso

91 501 186 554 aunt:
208 491 295 568 idque
305 489 396 568 ipsum
404 491 480 553 inter
488 513 554 554 snos
563 503 715 556 vocantur:
737 495 1014 574 etquodpr'manu.

90 589 199 638 merus
212 567 275 638 fuit,
294 569 353 644 jam
375 587 478 626 nomen
499 581 530 628 et
546 574 639 631 bonor
651 579 704 630 esta
744 573 829 633 Acies
840 593 895 650 per
906 595 1013 652 cuneos

91 647 290 722 componitur.
312 645 427 702 Cadere
437 647 511 715 loco,
521 627 672 708 dummodo
683 667 780 708 rursus
792 649 889 721 hstes,
902 653 1014 719 consilii

93 726 187 802 quam
195 721 350 787 formidinis
361 723 541 781 arbitrantur.
563 724 694 800 Corpora
703 745 817 786 snorum
827 729 910 786 etiarn
919 729 1010 790 dubiis

91 801 211 877 praeliis
224 798 363 857 referunt.
384 799 498 857 Scotum
509 801 658 875 reliquisse
672 803 846 878 precipuum
856 803 988 880 flagitium
1001 831 1007 864 :

63 897 70 902 ·
90 896 154 935 nee
165 886 217 935 aut
229 876 316 934 saona
324 876 433 944 adesse,
447 884 494 934 aut
506 878 656 942 concilium
669 879 741 936 inire
754 879 936 953 ignominioso
949 881 1009 943 fas:

44 970 48 975 ’
89 955 249 1030 multique,
258 953 424 1028 superstites
437 953 588 1023 bellorum,
601 953 742 1012 infamiam
754 957 855 1032 laqueo
868 957 1009 1020 finierunt.

137 1030 207 1088 Vll.
229 1028 533 1104 Regesexnobilitute3
541 1031 634 1111 duces
644 1049 682 1088 ex
689 1031 793 1090 virtute
804 1043 924 1105 sumunt.
946 1035 1013 1096 Neo

87 1108 216 1182 mirisa
235 1107 350 1176 infinita,
364 1114 417 1164 aut
434 1107 524 1166 libera
544 1115 688 1183 potestas:
710 1116 740 1166 et
761 1110 848 1168 duces
865 1116 1011 1188 exemplo,

89 1185 192 1262 potius
215 1185 298 1260 quam
310 1184 463 1260 ‘imperim
485 1185 508 1241 si
531 1185 666 1260 prompti,
686 1185 710 1242 si
730 1186 885 1260 conspicui,
899 1190 923 1248 si
945 1199 1009 1252 ante

90 1261 190 1320 aciem
212 1268 293 1338 again
312 1261 495 1320 admiratione
509 1269 643 1337 presunt.
685 1261 830 1329 Ceterum,
843 1269 1008 1339 nequeeni-

90 1339 289 1407 modoetiam,
312 1357 406 1414 neque
431 1340 550 1409 vincire,
572 1359 609 1397 ne
636 1340 792 1398 verberare
819 1340 941 1415 quidem,
955 1339 1014 1406 nisi
1037 1339 1041 1352 “

90 1415 289 1474 sacerdotibus
309 1416 497 1491 permissum:
517 1436 574 1474 nnn
595 1417 673 1492 quasi
686 1417 714 1474 in
728 1434 852 1492 poenam,
863 1435 916 1476 nec
929 1419 1008 1480 ducis
1036 1437 1039 1446 ’
1081 1489 1083 1494 ,

61 1539 64 1542 .
83 1493 185 1572 jussu,
199 1494 250 1550 sed
272 1495 351 1552 velut
373 1494 428 1551 deo
448 1495 615 1569 imperante,
629 1513 714 1569 quem
727 1493 826 1555 edesse
839 1494 1007 1554 bellantibus
1031 1568 1033 1571 ι

89 1571 236 1629 credunt:
261 1569 435 1647 effigiesque,
449 1579 478 1628 et
496 1572 573 1646 signa
591 1572 730 1647 qondam,
744 1573 871 1630 deuecta
883 1573 964 1642 lucis,
978 1574 1008 1635 in

89 1648 230 1724 proelium
242 1647 346 1706 ferunt.
388 1648 530 1723 Quodque
538 1649 714 1725 praecipuum
726 1649 898 1708 fortitudinis
908 1651 1006 1710 incita·

88 1732 221 1784 mentum
231 1733 284 1792 est,
293 1744 349 1782 non
359 1743 450 1792 casus,
461 1743 514 1784 nec
525 1725 638 1784 fortuita
647 1728 823 1802 conglobatio
831 1734 950 1786 turmam
961 1735 1011 1788 aut
1019 1729 1069 1798 δέ

89 1819 217 1860 crineum
229 1801 306 1870 faoit,
319 1802 370 1860 sed
381 1802 491 1860 familias
503 1813 532 1861 et
545 1803 767 1879 propinquitates
779 1827 786 1862 ε
802 1812 831 1862 et
840 1806 870 1862 in
878 1805 1007 1880 proximo

87 1879 232 1956 pignora3
255 1879 329 1938 unde
343 1879 509 1938 feminarum
519 1882 638 1938 ululatus
653 1881 754 1948 audiri,
764 1881 838 1937 unde
847 1883 953 1954 vagitus
964 1883 1006 1940 in·

88 1955 210 2014 santium
221 1979 228 2014 ι
244 1957 274 2014 bi
284 1958 387 2033 cuique
397 1958 563 2015 sanctissimi
572 1958 705 2024 testes,hi
715 1957 825 2014 maximi
836 1957 1009 2019 laudatores,

88 2033 137 2090 Ad
151 2041 265 2104 matres,
280 2034 313 2092 ad
336 2035 469 2110 conjuges
493 2035 611 2091 vulnera
633 2031 747 2090 serunt:
763 2051 816 2090 nec
838 2033 894 2090 illae
908 2053 1005 2094 nume·

88 2129 172 2179 aare,
186 2119 232 2172 aut
253 2113 369 2186 exigere
385 2114 482 2186 plagas
495 2118 608 2186 parent.
650 2108 795 2185 Cibosque
809 2117 839 2166 et
850 2109 1007 2170 hortamina

87 2189 278 2265 pugnantibus
291 2194 408 2264 gestant.

41 2265 46 2274 ’
129 2265 218 2336 illlis
237 2266 383 2324 Memoriae
398 2265 527 2342 proditur
541 2264 674 2342 quasdam
686 2263 772 2334 acies,
781 2264 925 2324 inclinatas
934 2265 1010 2344 Jam,

90 2352 122 2402 ct
135 2345 271 2413 labantes,
286 2346 302 2400 a
315 2343 424 2402 feminis
439 2343 593 2412 restitutas,
606 2343 760 2402 constantia
773 2361 902 2418 precum,
913 2350 941 2402 et
955 2345 1005 2402 ob-

82 2419 169 2496 jectu
191 2429 351 2496 pectorum,
365 2429 395 2482 et
416 2423 567 2479 monstrata
587 2421 712 2478 cuminis
735 2422 1006 2498 captivitate,quam

90 2498 174 2572 louge
201 2498 390 2574 impatientids
416 2496 583 2556 seminarum
609 2517 722 2558 suarum
742 2500 855 2556 nornine
882 2497 1003 2557 timent:

91 2574 175 2643 adeo,
189 2583 219 2633 ut
232 2575 371 2632 efficacius
385 2575 544 2648 obligentur
557 2574 639 2632 animi
653 2575 805 2643 civitatum,
820 2575 921 2648 quibus
931 2575 1007 2633 inter.

89 2651 317 2727 obsidespuellse
328 2670 442 2727 quoque
456 2652 565 2708 nobiles
574 2651 757 2724 imperantur.
799 2650 896 2708 Inesse
907 2669 1004 2726 quine-

90 2728 159 2788 tiam
171 2736 297 2787 sanctum
310 2729 416 2803 aliquid
430 2736 459 2786 et
472 2727 621 2803 providum
632 2733 728 2801 putant
742 2747 749 2782 ι
771 2743 824 2784 nec
833 2733 881 2784 aut
890 2729 1006 2788 consilia

91 2822 191 2862 aarum
199 2814 394 2882 aspernantur,
409 2812 456 2863 aut
466 2822 602 2880 responsa
610 2803 761 2878 negligunt.
803 2801 943 2872 Vidimus,
951 2809 1005 2880 sub
1025 2813 1030 2820 '

61 2883 63 2890 “
89 2879 158 2940 divo
181 2881 368 2958 Vespasiano,
382 2882 529 2950 Veledam,
543 2882 592 2940 diu
614 2881 688 2957 apud
708 2881 862 2956 plerosque
885 2881 1005 2942 numinis

89 2959 155 3016 loco
170 2960 313 3019 habitam.
354 2961 410 3018 Sed
433 2968 462 3018 et
480 2961 546 3018 olim
560 2958 714 3028 Auriniam,
728 2957 923 3033 etconipluris
937 2959 1007 3018 alias

90 3039 222 3096 venerati
234 3046 308 3108 sunt,
318 3057 373 3096 non
387 3038 558 3108 adulatione,
572 3057 626 3098 nec
639 3045 778 3112 tamquam
790 3034 1002 3100 facerentdeas.

130 3113 181 3172 lx.
208 3115 335 3174 Deorum
348 3116 469 3172 maxime
482 3115 659 3178 Mercurium
668 3115 774 3184 colunt,
783 3112 840 3183 cui,
849 3113 934 3170 certis
945 3113 1004 3175 die·

90 3193 153 3260 bus,
168 3193 298 3250 humanis
310 3211 424 3268 quoque
438 3193 535 3252 hostiis
548 3192 632 3260 litate
642 3191 684 3253 sas
694 3193 809 3254 babent.
849 3189 1006 3250 Herculem
1060 3223 1064 3232 f

91 3287 124 3327 ac
137 3267 259 3328 Martem
272 3269 415 3328 concessis
434 3269 597 3332 animalibus
614 3270 744 3345 placant:
767 3286 833 3344 pars
847 3267 1006 3326 Suetonius

92 3353 121 3406 et
143 3345 210 3404 isidi
223 3347 372 3417 sacrificat.
414 3345 498 3406 Unde
517 3365 602 3408 causa
615 3355 644 3404 et
656 3347 735 3436 origo
744 3345 903 3432 peregrino·
923 3361 1006 3405 sacro

13 3421 1090 3576 ,litttffltttlttttlttt‘ttltttdttttttlbmttn,
1118 3444 1119 3458 '

11 3599 63 3654 fg„
90 3569 864 3656 biberaparietibusdaos,naqueiuullambahanioris
877 3571 1083 3656 aperiendas}-

65 3653 317 3754 ,praemuniatur
337 3656 525 3732 maguitudino
537 3656 697 3723 omniun
709 3656 902 3756 arbitgaatur:
923 3655 1027 3792 luetltff·¹
1057 3666 1114 3732 “’,
