2214 3986
68 356 88 406 t.
107 361 131 406 c.
146 337 201 408 Φ(
281 345 525 408 merorem.
545 343 782 419 edendus„
904 351 955 406 195

67 504 117 556 ‘et
126 499 230 568 dolum,
251 499 381 578 obscura,
403 503 497 578 eoque
512 500 714 576 inevitabilia:
736 499 861 560 Civilem
880 510 954 568 stare
979 525 990 538 ‘

67 580 74 606 ‘
88 579 194 645 contri,
208 584 319 635 struere
332 579 440 649 acieru3
459 575 658 643 Hordeonium
672 598 689 636 e
710 579 841 637 cubiculo
855 588 884 641 et
896 581 953 639 lec-

67 661 74 685 ‘
87 654 145 710 tulo
151 655 267 729 jubere,
280 655 415 730 quidquid
423 655 497 713 hosti
510 656 656 714 conducat.
699 655 758 714 Tot
769 665 887 716 armatus
897 657 953 716 for-

66 730 256 789 ‘tissimoinm
282 734 411 789 virorum
445 751 552 800 manus,
578 735 660 796 unius
690 734 766 792 senis
792 735 956 794 valetudine

66 814 72 840 ‘
88 808 158 889 regi.
200 809 275 879 Quin
288 810 393 884 potiris,
407 803 556 866 interfecto
573 809 731 880 tmditore,¹
747 811 886 871 fortunam
896 813 953 870 vir·

65 891 231 960 ‘tutemque
251 905 329 953 suam
348 887 421 945 malo
443 885 536 942 omine
556 887 763 949 exsolverent)
803 889 857 962 His
881 889 955 947 inter

64 977 93 1018 se
112 963 228 1030 vocibus
248 963 395 1020 instinctos
414 961 593 1020 flammavere
611 964 728 1040 insuper
741 963 863 1024 'ellataea
883 965 954 1024 Ves-

63 1039 176 1112 pasiano
197 1039 300 1107 literae,
315 1045 382 1112 quas
402 1036 530 1106 Flaccus,
545 1040 610 1114 quia
633 1043 767 1106 occultari
790 1045 953 1118 nequibant,

62 1133 115 1194 pro
131 1115 279 1194 {censique
295 1114 445 1192 recitavit5
466 1115 645 1192 vinctosque,
668 1119 716 1192 qui
739 1119 955 1190 soluerentur]

62 1191 212 1256 Vitellium
224 1192 309 1250 misit.
347 1192 351 1204 ’
598 1195 601 1200 ’

98 1267 196 1326 XXVe
239 1269 284 1327 Sic
307 1267 435 1343 mitigatis
450 1267 559 1336 animis,
574 1267 711 1340 Bonnam,
726 1271 846 1330 hiberna
858 1275 955 1348 prime

60 1347 193 1423 legionis,
214 1354 340 1406 ventum.
383 1346 524 1404 lnfensior
546 1345 604 1409 illie
625 1347 718 1418 miles,
739 1349 851 1425 culpam
871 1353 963 1410 clodis·

62 1424 301 1484 ioHordeonium
321 1427 475 1482 vertebat:
498 1424 582 1500 ‘ejus
596 1425 681 1500 jussu
700 1427 836 1485 directam
858 1424 978 1486 adver:

63 1505 132 1560 ‘sds
154 1501 279 1560 Batavos
299 1504 406 1572 aciem,
433 1505 573 1578 tamquam
593 1521 609 1559 a
629 1499 807 1578 Mogontiaco
832 1506 957 1580 legiones

62 1589 70 1614 ‘
85 1579 277 1657 sequerentur
293 1604 299 1638 :
323 1581 450 1656 ejusdem
471 1580 630 1654 proditione
645 1599 746 1652 caesos,
760 1583 844 1642 nullis
857 1603 957 1659 super-

63 1659 265 1716 ‘venientibus
287 1658 405 1736 auxiliis.
449 1659 629 1738 Ignota·haec
646 1661 751 1718 ceteris
773 1662 956 1733 exercitibus,

63 1742 181 1812 ‘neque
203 1737 371 1811 Imperatori
384 1748 443 1810 'suo
467 1736 599 1804 nuntiari,
613 1737 677 1812 cdm
697 1757 816 1796 accursu
837 1747 879 1798 tot
891 1759 956 1815 pro·

64 1814 243 1884 ‘vinciarum¹
257 1815 381 1890 estingui
395 1833 499 1890 repens
520 1813 640 1890 pertidia
659 1816 804 1890 patuerit!
845 1816 957 1876 Horde-

63 1894 144 1951 onius
168 1895 342 1968 exemplaria
364 1893 489 1964 omniurn
509 1891 668 1960 literarum,
692 1893 793 1968 quibus
817 1912 871 1969 per
891 1895 957 1951 Gal·

63 1971 112 2028 lias
136 1971 366 2048 Britanniamque
386 1978 427 2044 et·
445 1967 597 2047 Hispanias
620 1969 723 2028 auxilia
745 1971 853 2041 orabat,
875 1989 958 2030 exer-

63 2049 132 2107 citui
154 2049 303 2120 recitavite
322 2049 498 2122 instituitque
519 2045 673 2120 pessimum
695 2044 811 2124 facinus,
831 2053 862 2102 ut
884 2047 958 2119 epis·

63 2129 129 2187 tolae
154 2127 317 2203 Aquiliferis
340 2127 483 2200 legionum
501 2122 723 2190 traderentur,a
742 2121 805 2197 quls
826 2122 889 2178 ante
909 2121 959 2180 mi·

63 2205 116 2274 liti,
132 2207 215 2280 quim
235 2204 364 2274 ducibus,
378 2203 555 2279 legebantur.
597 2201 704 2272 Teme
722 2199 861 2264 seditiosis
875 2197 960 2256 unum

64 2283 167 2340 vinciri
183 2283 279 2357 ¹jubet,
299 2282 385 2356 magis
405 2279 556 2357 usurpandi
573 2271 771 2356 jurisssqusm
792 2277 857 2354 quia
878 2276 959 2336 unius

64 2363 150 2435 calpa
171 2359 255 2418 foret.
278 2357 574 2435 ›Metasquesonna
596 2356 739 2433 exercitus
762 2357 791 2418 in
806 2355 961 2422 Folooieun

65 2439 302 2514 Agrippinensem
315 2461 323 2510 3
345 2435 529 2498 adfluentibus
544 2436 654 2496 auxiliis
667 2436 825 2507 Gallorum,
840 2439 888 2514 qui
902 2439 959 2515 pri·
983 2437 986 2442 ’

65 2519 113 2574 mb
127 2535 191 2573 rem
204 2512 358 2573 Romanam
368 2513 458 2590 ‘enixe'
469 2516 616 2590 juvabant.
646 2515 738 2586 Mox„
748 2518 960 2576 valescentibus

65 2591 228 2662 Germanis,
255 2590 402 2668 pleresque
428 2593 557 2652 ciuitates
584 2592 733 2650 adversim
755 2611 807 2650 nos
835 2593 959 2664 armatis,

65 2689 118 2746 spe
140 2669 295 2728 libertatis:
318 2677 357 2740 et,
371 2663 395 2727 s'i
418 2671 563 2734 exuissent
584 2669 742 2735 servitium,
756 2668 888 2742 cupidine
910 2669 959 2731 im·
976 2665 978 2679 '

65 2747 217 2828 peritandi,
258 2745 566 2808 Gliscebatiracundia
585 2743 804 2817 legionumrnec
819 2752 961 2804 terrorem

64 2827 149 2911 quius
171 2825 266 2884 nrilitie
286 2827 398 2884 vincula
418 2823 595 2882 indiderant:
619 2822 686 2896 quin
706 2820 790 2877 idem
798 2821 848 2877 ille
862 2840 959 2896 argue-

66 2905 116 2960 bat
140 2904 214 2961 tdtro
237 2902 460 2972 ‘conscientiam
480 2900 570 2968 ducis,
592 2905 730 2973 tamquam
750 2897 961 2965 nuntius,inter

67 2979 217 3038 ‘Civilem
238 2981 438 3068 Flaccumque,
457 2977 527 3037 salso
539 2975 677 3046 'cristine
691 2974 769 3062 testis
789 2975 845 3033 viri
864 2976 960 3052 oppri-

103 3108 119 3160 1
138 3107 275 3177 interfecto
295 3105 430 3162 traditore.
465 3103 611 3158 llaec-vox
631 3113 761 3170 suspecte
777 3101 878 3156 Ursino
891 3111 960 3159 tum·

67 3179 155 3246 quem
167 3179 260 3231 minus
273 3177 383 3241 Latina,
395 3173 424 3228 et
444 3191 480 3228 ex
501 3173 573 3227 Italo
593 3173 725 3244 idiqrnate
746 3173 801 3225 huc
818 3172 961 3241 translata,

66 3249 200 3316 legitque·
206 3245 350 3317 proditore
387 3245 488 3300 Melius
499 3243 632 3300 Heinsius
644 3242 691 3310 qui
703 3243 817 3313 corrigit
828 3240 961 3311 interfecto

64 3313 204 3382 traditore,
215 3333 319 3385 nempe
332 3315 474 3379 custodias,
486 3315 548 3382 quae
566 3303 601 3372 ed
610 3311 821 3384 *imperatorem
838 3311 961 3366 dooerer.

103 3385 236 3456 2Mngr's
248 3384 410 3456 usurpandi
417 3383 501 3453 jorio.
538 3381 644 3453 S'opple
664 3381 746 3434 cooad
768 3397 852 3450 quem
864 3397 963 3436 vocem

67 3457 130 3528 sine
142 3473 230 3522 cause
238 3456 366 3517 additum
386 3453 492 3516 delevit,
507 3451 634 3523 Lipsius:
654 3451 734 3506 abest
744 3452 846 3524 quippe
859 3465 876 3506 a
887 3449 954 3506 rior

67 3525 159 3602 Regio
172 3525 335 3600 steditione
347 3524 447 3594 prima.
530 3521 534 3530 '
798 3561 802 3566 .
865 3545 869 3550 ·
