2214 3986
113 364 164 430 19⁴
362 309 686 418 odorariam
803 364 832 403 r.
852 364 880 403 u.
898 361 925 402 a.
942 342 1044 402 sna-

114 535 170 594 que
196 529 325 589 umquam
350 506 551 572 idmalorum,
574 509 606 560 ut
626 495 819 576 oppugnatum
840 489 1013 582 uitro-legi·

115 613 183 652 oues
197 599 305 650 nomras
315 586 455 646 venirent.
497 581 566 637 Inde
581 598 638 636 non
655 579 730 643 loco,
744 591 838 648 neque
852 577 1013 634 munimen.

114 671 150 732 tis
173 671 253 728 labor
264 665 396 722 ¹additus:
419 661 463 723 vis
483 665 513 716 et
529 675 607 718 arma
618 653 683 712 satis
697 652 856 730 placebunt.
898 647 1012 717 Batavi,

116 742 396 816 Transrhenanique,
410 739 468 812 qub
489 735 611 793 discreta
630 732 720 788 virtus
741 726 915 786 manifestim
929 743 1013 800 spec-

116 832 234 888 taretur,
248 819 303 876 sibi
323 833 445 894 queque
465 830 533 886 gens
557 809 722 882 consistunt,
736 806 844 862 eminus
868 807 1012 880 lacessen-

115 911 166 960 tes.
206 897 277 956 Post
289 889 337 953 ubi
351 896 489 970 pleraque
502 889 625 946 telorum
638 885 762 943 turribus
776 883 927 957 pinnisque
941 897 1012 937 moe·

116 979 192 1036 nium
214 975 299 1033 inrita
317 967 488 1040 herebant,l
503 974 532 1024 et
551 965 602 1022 des
615 981 670 1039 per
682 961 755 1021 saxis
769 961 993 1036 vulnerabantur
1006 979 1013 1029 ;

116 1057 241 1114 elamore
263 1060 347 1127 atque
369 1049 487 1122 impetu,
508 1045 645 1100 invasere
660 1039 777 1107 vallum,
791 1037 927 1112 appositis
949 1037 1017 1110 pie·

118 1133 199 1207 rique
220 1130 314 1197 scalis,
328 1127 374 1184 alii
395 1143 450 1200 per
470 1121 639 1180 testudinem
658 1133 772 1178 suorum
785 1114 811 1180 εἳ
829 1113 1016 1175 scandebant·

119 1229 175 1288 que
193 1211 253 1286 jam
275 1205 396 1283 quidam,
410 1202 473 1260 edm
495 1197 591 1274 gladiis
612 1204 642 1254 et
655 1211 798 1255 armorum
811 1191 926 1258 incussu
937 1207 1015 1266 prte-

120 1277 238 1364 epitasi,
265 1283 379 1342 sudibus
405 1287 435 1336 et
458 1273 711 1354 pilis'oIirunntur‚
737 1270 913 1347 praeferoces
935 1270 1017 1330 initio

120 1373 151 1426 et
164 1367 249 1424 rebus
268 1359 398 1420 secundis
415 1356 502 1418 nimii.
545 1353 603 1411 Sed
615 1359 675 1409 tum
688 1347 953 1426 praedae'oupidine,
969 1347 1017 1403 nd

120 1463 205 1502 versa
231 1456 345 1516 quoque
370 1435 536 1493 tolerabant.
578 1429 725 1490 Machinas
752 1426 846 1494 etium,
872 1424 1018 1482 insolitum

81 1537 86 1542 ·
120 1521 185 1588 sibi,
199 1518 277 1575 ausi:
300 1532 353 1571 nec
372 1513 431 1569 ulla
449 1511 518 1585 ipsis
537 1505 683 1583 sollertia:
704 1501 833 1580 perfugae
853 1502 1019 1578 captivique

121 1597 260 1654 docebant
282 1599 393 1650 struere
414 1587 546 1647 materias
567 1586 597 1658 in
609 1583 734 1642 modum
747 1581 850 1656 pontis,
865 1597 933 1637 mox
950 1581 1019 1636 sub·

117 1659 203 1749 jectis
225 1670 293 1727 rotis
315 1665 505 1800 propellere:
528 1670 560 1720 ut
580 1662 636 1720 alib
652 1654 857 1735 superstbntes,
876 1659 1020 1733 tamquam

122 1765 160 1809 ex
172 1749 286 1824 aggere,
299 1763 363 1820 proe
386 1748 522 1799 arentur:
566 1751 610 1799 art
626 1740 711 1806 intus,
726 1737 830 1812 ocjcum
843 1754 940 1806 muros
952 1735 1019 1792 sub-

123 1834 248 1885 ruerent.
301 1823 358 1881 Sed
378 1837 497 1878 excussa
515 1759 621 1878 odistis
645 1834 722 1884 saxa,
736 1815 874 1882 'stravere
898 1811 1021 1871 informe

124 1923 214 1980 opus:
237 1911 266 1974 et
286 1909 379 1960 crates
399 1897 555 1974 vineasque
568 1893 741 1970 parantibus,
755 1891 858 1964 adactae
871 1890 1022 1950 tormentis

125 1983 254 2040 ardentes
274 1981 360 2038 hastae
374 1998 382 2049 3
403 1975 536 2051 ultroque
550 1973 603 2049 ipsi
616 1969 825 2046 oppugnatores
838 1968 947 2042 ignibus
967 1986 1021 2051 pe-

124 2059 278 2118 tebantur:
300 2058 402 2123 donec,
426 2053 577 2138 desperati
597 2049 638 2118 νὴ
651 2053 800 2112 verterent
817 2045 968 2110 eonsilium
987 2045 1022 2102 ad

122 2156 229 2205 moras,
251 2135 326 2193 baud
345 2130 434 2208 ignari
453 2146 607 2204 paucorum
628 2127 739 2184 dierum
760 2125 862 2186 ine'sse'·
878 2116 1021 2196 alimenta,

126 2222 156 2271 et
174 2215 291 2270 multum
305 2211 425 2280 imbellis
439 2209 541 2265 turbae.
571 2192 670 2260 ¹ffim'ul
684 2202 829 2277 exjinopid
841 2201 975 2277 proditio,
988 2209 1020 2275 et

126 2290 201 2347 fluxa
214 2288 394 2344 servitiorum
407 2283 496 2351 fides,
504 2303 537 2339 ae
550 2282 663 2340 fortuita
675 2277 744 2338 belli
758 2281 954 2355 sperabantur.

164 2361 272 2420 XXIV.
314 2360 432 2418 Flaccus
452 2360 576 2428 interim,
590 2359 702 2432 cognito
722 2365 879 2420 castrorum
902 2355 1022 2425 obsidio,

128 2449 157 2502 et
169 2440 259 2498 missis
298 2457 332 2496 er
351 2437 468 2512 Gallias,
488 2437 536 2512 qui
555 2437 658 2492 auxilia
675 2428 831 2504 concirent,
846 2437 935 2506 lectos
950 2435 1022 2490 eles

127 2519 255 2596 gionibus
310 2516 369 2573 silio
391 2513 520 2582 Voculae,
546 2511 919 2587 duoetyicesimae-'legionis
946 2513 1022 2586 legn-

128 2607 158 2656 to
173 2596 267 2665 tradit,
285 2600 316 2652 ut
338 2594 421 2670 quam
444 2591 573 2656 maximia.
591 2608 646 2666 per
664 2591 759 2665 ripam
775 2589 928 2659 itineribus
944 2591 1023 2648 cele·

129 2681 215 2732 roret.
257 2673 323 2748 ipse
345 2669 474 2748 pavidus,
488 2667 626 2726 invalidus
646 2667 796 2742 corpore,8
809 2667 915 2724 invisus
929 2667 1024 2726 militi·

129 2755 204 2810 bus:
227 2769 320 2826 neque
334 2749 408 2807 enim
422 2746 549 2822 ambigue
572 2744 741 2814 fremebant,
768 2753 775 2780 ⁸
792 2744 941 2801 emissas'a
958 2743 1023 2801 Mo-

131 2828 281 2904 ‘gontiaco
320 2827 492 2900 Batauorum
515 2824 670 2894 ,cohortes¹
703 2821 891 2880 dissimulatos
923 2821 1025 2880 Civilis

132 2917 140 2942 ‘
155 2911 280 2972 conatus,
302 2903 402 2960 adsciri
423 2901 451 2960 in
469 2901 632 2959 societatem
649 2900 836 2964 Germanos:
858 2917 915 2956 non
935 2897 1024 2956 Primi

132 2993 140 3021 ⁸
158 2981 282 3050 Antonii,
296 2997 391 3054 neque
411 2978 536 3054 Muciani
554 2996 610 3054 ope
630 2975 835 3054 Vespasianum
853 2977 941 3050 magis
960 2977 1025 3034 ado·

133 3070 140 3096 ‘
156 3059 260 3118 leviare
273 3079 280 3113 ι
302 3063 399 3130 aperta
409 3055 482 3124 odia,
495 3072 628 3131 armaque
641 3056 733 3131 palam
746 3054 853 3144 depelli
866 3075 873 3111 ι
896 3053 1026 3112 fraudem

168 3171 183 3222 1
202 3167 333 3250 Horaque
345 3165 455 3248 telorum
465 3165 758 3220 mnibus-bombum.
794 3164 869 3218 Flor.
882 3158 1027 3235 Regius'et

133 3235 662 3378 ndiiiiididiiid‘ffliintbine
675 3301 842 3370 Hannon.

169 3371 264 3436 3Ipse
271 3370 398 3452 pavidus,
414 3371 553 3452 inpalidue
573 3389 684 3443 empore.
721 3373 812 3442 Vulgb
832 3371 891 3442 ipae
907 3371 1028 3441 pavidus

135 3439 243 3500 torpere.
279 3437 406 3491 Correxit
427 3439 549 3492 Prehene
569 3455 605 3494 ex
626 3441 701 3494 Flor.
720 3443 766 3494 cui
784 3442 894 3496 aceedit
912 3441 1027 3510 Regius.

138 3497 173 3610 {n
179 3493 225 3610 gis
236 3515 286 3563 pro
294 3503 422 3583 pavidus,
434 3509 563 3562 scribitur
574 3509 707 3576 aonidum
726 3511 801 3575 uuod
813 3510 920 3566 mutari
932 3509 1029 3564 metlet

145 3595 165 3646 ‚·
205 3577 336 3619 ronovms
347 3585 376 3621 ru
386 3587 513 3638 ignavae.
