2254 3960
76 369 246 442 now„
432 368 641 432 sustenta.
694 386 720 397 ··
882 431 885 438 ,
937 371 993 438 U

76 520 277 582 firmabanturz
298 519 337 579 ita
348 519 488 598 intrepida
499 523 539 580 ibi
549 519 755 600 biems‚stsibi
763 521 882 600 quisque
892 521 991 599 preel-

77 592 136 668 dio,
150 599 242 658 inritis
255 597 393 668 hostibus,
406 601 502 673 ebqoe
513 599 740 674 desperantibus,
754 599 829 675 quia,
842 600 916 658 soliti
929 602 993 676 pls«

76 693 199 751 rumque
218 676 318 736 damna
338 675 450 743 astatis,
471 677 596 733 bibernis
619 677 767 736 eventibus
781 695 920 751 pensare,
934 678 992 736 tun

77 760 175 810 aestate
187 760 270 829 atque
284 753 378 810 bieme
386 753 469 827 juxta
482 753 669 827 pellebantur.
711 753 775 812 Nec
788 754 919 827 Agricola
931 772 991 812 um·

36 859 37 862 ¹
76 847 163 904 quam
176 848 230 904 per
250 829 319 888 alios
331 838 409 904 gesta
422 829 519 886 avidus
532 830 684 907 intercepit
695 851 702 887 a
724 848 775 888 seo
788 831 928 899 centurio,
940 845 991 890 seu

75 905 242 981 praefectus,
256 907 449 981 incorruptum
463 905 636 962 factitantem
647 908 777 964 babebat.
818 908 900 982 Apud
908 927 991 984 quos·

76 982 142 1056 dam
156 984 286 1040 acerbior
299 983 327 1039 in
338 983 473 1042 conviciis
484 984 649 1040 narrabatur
660 1005 666 1040 :
690 991 720 1040 ut
730 991 792 1040 erat
801 985 882 1042 bonis
893 986 991 1054 comis,

77 1056 116 1116 ita
129 1059 262 1118 adversus
277 1062 363 1116 malos
377 1059 543 1133 injucundus
557 1061 714 1118 :ceteram
724 1077 761 1116 ex
770 1060 992 1120 iracunditnihil

76 1143 244 1209 supererat:
267 1144 408 1194 secretum
423 1143 452 1194 et
464 1137 605 1206 silentium
625 1137 686 1211 ejus
707 1153 763 1192 non
783 1137 917 1196 timeresz
940 1140 991 1197 bo·

76 1214 184 1270 nestius
198 1215 310 1287 putabat
323 1212 479 1281 offendere,
495 1216 578 1288 quam
591 1213 693 1273 odisse.

116 1289 226 1346 XXlll.
267 1292 372 1360 Quarta
385 1299 465 1348 aestas
479 1291 647 1356 obtinendis,
661 1309 725 1365 quae
739 1297 934 1364 percurrerat,
948 1292 991 1350 in-

77 1376 204 1440 sumpta:
227 1387 269 1435 ac,
282 1369 306 1423 si
321 1368 409 1424 virtus
420 1367 596 1424 exercituum
606 1375 636 1424 et
646 1367 764 1424 Romani
774 1368 893 1424 nominis
902 1369 991 1440 gloria

78 1452 236 1517 pateretur,
258 1445 388 1500 inventus
413 1444 443 1499 in
468 1445 529 1518 ipsa
556 1443 698 1501 Britannia
723 1444 868 1503 termines.
918 1437 968 1502 Na
979 1463 993 1512 ·;

78 1519 165 1576 Clota
178 1528 207 1577 et
223 1519 368 1587 Bodotria,
384 1521 490 1577 diversi
514 1521 598 1577 maris
619 1521 732 1578 aestibus
753 1539 807 1596 per
826 1523 977 1580 immensus

79 1605 216 1664 revectae,
231 1605 345 1670 angusto
365 1605 506 1655 terrarum
526 1599 616 1673 spatio
635 1599 822 1656 dirimuntur:
845 1598 920 1674 quod
933 1600 991 1658 mm

77 1675 218 1748 praesidiis
238 1674 418 1730 firmabatur:
441 1683 525 1750 atque
546 1677 634 1732 omnis
655 1677 773 1750 propior
786 1676 861 1733 sinus
874 1684 960 1734 teneo
977 1706 991 1724 -

77 1758 134 1818 tar,
148 1751 291 1808 summotis
306 1749 426 1808 velutin
440 1753 522 1808 aliam
535 1752 654 1809 insulam
667 1755 804 1810 hostibus.

117 1827 224 1884 XXIV.
240 1845 244 1852 ’
267 1827 370 1898 Quinto
388 1828 598 1903 expeditionum
612 1849 694 1898 anno,
708 1849 781 1886 nave
795 1831 885 1905 prima
902 1837 990 1890 trans-

77 1902 202 1979 gressus,
216 1906 323 1978 ignotas
345 1905 378 1960 ad
401 1906 428 1961 id
455 1916 567 1988 tempus
589 1912 687 1978 gentes
713 1907 824 1962 crebris
849 1907 930 1962 simul
957 1927 992 1967 uc

78 1982 225 2056 prosperis
252 1982 359 2056 proeliis
386 1982 514 2038 domuit:
545 1999 664 2055 eamque
691 1989 800 2056 partem
826 1978 991 2054 Britannias,

78 2079 142 2134 quae
164 2057 329 2116 Hiberniam
351 2059 458 2132 aspicit,
473 2057 564 2132 copiis
584 2058 725 2126 instruxit,
742 2058 771 2114 in
791 2077 871 2133 spem
892 2061 990 2132 magis,

78 2153 162 2210 quam
184 2137 221 2192 ob
240 2135 440 2192 formidinem:
468 2134 606 2211 siquidem
632 2134 781 2202 Hibernia,
801 2135 894 2192 medio
917 2136 991 2194 inter

78 2213 250 2272 Britanniam
270 2219 354 2288 atque
375 2209 538 2286 Hispaniam
552 2213 615 2280 sita,
628 2220 658 2268 et
670 2203 780 2269 Gallico
795 2231 907 2287 quoque
921 2216 991 2272 mari

78 2299 247 2366 opportuna,
262 2289 603 2364 valentissimamimperii
624 2299 731 2363 partem
752 2290 856 2363 magnis
869 2290 992 2348 invicem

78 2369 175 2424 usibus
196 2369 349 2424 miscuerit.
391 2367 518 2441 Spatium
538 2367 609 2442 ejus,
624 2368 649 2423 si
670 2367 822 2426 Britannia
837 2369 991 2444 ‘compare-

78 2453 134 2512 tur,
149 2446 299 2518 angustius,
314 2442 401 2502 nostri
422 2463 505 2502 maris
526 2445 629 2502 insulas
653 2454 776 2520 superat.
818 2446 913 2504 Solum
933 2466 991 2504 coe·

77 2522 203 2596 lumque,
223 2531 255 2580 et
278 2523 387 2596 ingenia
413 2523 562 2598 cultusque
583 2524 726 2586 hominum
746 2524 819 2580 haud
841 2524 954 2580 multtum
974 2543 992 2580 a

77 2599 223 2658 Britannia
245 2599 398 2658 differunt:
430 2599 530 2656 melius
553 2600 641 2656 aditus
665 2608 818 2673 portusque
842 2617 895 2673 per
914 2618 994 2656 coma

76 2678 184 2735 mercia
197 2685 226 2735 et
239 2678 425 2753 negotiatores
445 2677 556 2750 cogniti.
597 2675 730 2748 Agricola
749 2675 898 2749 expulsum
917 2678 993 2734 sedb.

75 2754 154 2812 tione
168 2755 320 2819 domestica
335 2775 419 2812 unum
430 2773 467 2811 ex
481 2753 585 2827 regulis
598 2753 686 2825 gentis
701 2759 865 2826 exceperat,
880 2771 911 2810 ac
925 2771 996 2830 npe-¹

2 2839 4 2846 '
75 2833 121 2890 cie
136 2834 264 2890 amicitiae
279 2834 307 2890 in
321 2833 499 2890 occasionem
509 2831 656 2888 retinebat.
689 2827 781 2904 'Saepe
793 2847 829 2885 ex
840 2847 875 2886 eo
886 2830 989 2900 audivi,

76 2911 189 2983 legione
204 2913 258 2966 una
272 2919 301 2966 et
314 2910 430 2973 modicis
452 2907 562 2965 auxiliis
586 2907 722 2964 debellari
746 2906 924 2980 obtinerique
938 2907 993 2964 lli·

74 2986 207 3043 berniam
228 3006 321 3062 posse.
364 2987 452 3060 quue
477 2986 561 3042 ctiam
582 2984 717 3040 adversus
738 2982 910 3040 Britanniam
923 3003 995 3058 pro·

74 3062 213 3132 futurum,
236 3065 259 3120 si
286 3063 410 3120 Romana
431 3061 536 3136 ubique
558 3079 644 3128 arma,
659 3069 688 3117 et
707 3061 787 3116 velut
805 3061 821 3116 e
837 3069 993 3135 conspectu
1040 3086 1043 3092 ·

74 3141 194 3198 libertas
207 3142 366 3198 tolleretur.
405 3171 409 3183 ·
933 3184 939 3188 .
993 3184 995 3192 .

116 3217 211 3274 xav.
253 3218 389 3276 Ceterum
403 3226 509 3288 astate,
524 3219 579 3292 qus
598 3224 707 3274 sextum
727 3215 810 3273 officii
830 3231 932 3274 annum
949 3216 991 3274 in·

74 3297 208 3362 choabat,
229 3297 375 3371 amplexus
399 3296 526 3353 civitates
550 3304 625 3351 trans
649 3294 811 3350 Bodotriam
829 3294 904 3361 sitas,
925 3293 995 3368 quia

74 3379 169 3430 motus
183 3373 380 3432 universorum
401 3374 475 3430 ultra
493 3373 626 3446 gentium,
641 3379 670 3428 et
688 3370 788 3428 infesta
801 3370 894 3428 hostili
907 3387 996 3430 exer·¹

72 3450 136 3506 citu
150 3451 251 3508 itinera
264 3451 444 3517 timebantur,
458 3457 558 3525 portus
568 3450 658 3506 classe
672 3449 847 3523 exploravit:
870 3467 945 3523 quae,
956 3449 997 3506 ab
1025 3503 1028 3512 ,

75 3526 212 3602 Agricmt
226 3527 347 3601 primum
360 3529 504 3601 adsumpta
516 3527 545 3583 in
565 3534 675 3600 partem
695 3525 808 3594 virium,
822 3526 995 3600 sequebatur

75 3605 194 3677 egregia
213 3605 322 3678 specie,
336 3605 400 3662 cum
417 3605 499 3662 simul
518 3604 607 3670 terri,
626 3603 707 3658 simul
726 3602 795 3660 mari
815 3603 921 3658 bellum
940 3603 995 3664 im·¹
1121 3647 1122 3668 ,

75 3680 249 3757 pelleretur,
270 3681 310 3738 ac¹
325 3699 404 3756 sape
426 3679 525 3738 iisdem
548 3679 646 3739 castris
667 3679 767 3755 pedes,
787 3695 943 3755 equesque,
963 3683 994 3742 et
1051 3684 1057 3703 '
1121 3695 1122 3721 l
