2214 3986
416 149 428 179 t
470 185 481 194 h

74 337 96 394 t.
111 357 134 396 a.
148 342 192 397 m.
269 341 423 404 meror„
441 346 513 404 mu.
533 345 741 408 SEOUNDUS.
873 393 877 400 -
897 351 951 411 107

74 487 162 546 codem
188 479 305 580 nesligio
331 517 492 572 resurgens,
515 517 636 571 procera
658 505 687 556 et
709 499 794 555 latior
818 498 947 570 virebat3

72 567 165 636 grande
190 570 229 639 nd,
256 593 491 650 prosperumque,
522 593 659 632 consensu
686 575 891 650 haruspicum:
921 585 949 633 et

71 658 167 701 summa
186 649 322 708 c'laritudo
341 651 441 726 jureui
465 651 610 709 admodum
630 649 805 726 Vespasiano
829 653 969 727 proruis-4

70 733 104 804 sa·
142 721 197 810 ded
218 728 310 801 primb
331 729 518 800 triumphalia,
533 736 562 785 et
584 731 754 796 consulatus,
773 737 802 786 et
822 729 948 786 Judaicae

69 803 186 856 metonae
209 804 307 874 decus,
330 804 462 880 implesse
484 805 568 860 fidem
590 807 688 862 ominis
709 807 895 864 videbantur:
920 817 949 862 ut

67 869 124 930 bec
137 875 251 952 adeptus
273 889 326 948 est,
340 881 472 955 portendi
485 881 537 936 sibi
551 883 699 954 imperium
713 885 856 940 credebat.
897 881 948 941 Est

65 946 185 1019 Judaeam
210 954 285 1013 inter
307 958 476 1032 Syriamque
502 956 660 1024 Carmelus,
687 959 725 1012 ita
749 967 849 1016 vocant
869 977 951 1026 mon-¹

63 1029 127 1111 tem,
153 1030 315 1106 deumque:
348 1051 401 1088 nec
435 1033 614 1088 simulacrum
638 1035 704 1098 deo,
732 1043 777 1090 aut
801 1037 946 1108 templum,

62 1118 101 1188 sic
125 1106 267 1164 tradidere
290 1109 431 1182 majores:
455 1125 503 1162 ara
523 1109 625 1163 tantum
644 1116 674 1164 et
687 1113 870 1166 reverential
910 1114 947 1168 ll·

61 1177 99 1234 lrc
122 1182 288 1241 sacrificanti
309 1184 482 1259 Vespasiano
505 1184 569 1240 edm
589 1203 654 1258 spes
681 1187 804 1242 occrrltas
823 1196 949 1246 versaret

61 1257 166 1336 animos
188 1259 325 1318 Basilides
352 1261 496 1328 sacerdos,
520 1262 654 1334 inspectis
678 1261 840 1318 idemtidem
865 1265 947 1330 extis,

62 1335 218 1408 ‘quidquid
242 1340 305 1406 est‚’
328 1338 427 1414 inquit,
452 1337 659 1412 ‘Vespasiane,
682 1339 756 1412 quod
783 1357 875 1412 paras,
899 1357 950 1396 seu

61 1410 194 1467 ‘domum
214 1422 374 1483 exstruere,
388 1434 439 1471 seu
462 1417 604 1491 prolatare
626 1433 717 1489 agros,
735 1415 797 1471 sive
816 1416 950 1490 ampliare
972 1476 976 1487 ,

63 1489 215 1560 ‘servitia3
239 1491 322 1548 datur
353 1493 404 1549 tibi
430 1511 526 1566 magna
557 1493 649 1560 sedes,
673 1493 800 1565 ingentes
826 1493 949 1562 termini,

61 1567 198 1626 ‘multum
219 1569 383 1625 bominum.’
424 1569 482 1626 Has
506 1571 634 1642 ambages
657 1577 687 1626 et
712 1571 802 1627 statim
826 1587 949 1646 excepe-
1027 1583 1030 1588 ·

60 1649 100 1698 rat
122 1642 205 1713 fama,
230 1653 259 1702 et
282 1653 348 1703 tunc
364 1643 534 1720 'aperiebat3
562 1649 615 1703 nec
643 1647 792 1722 quidquam
818 1649 902 1721 magis
920 1647 949 1702 in

60 1737 108 1777 ore
131 1721 209 1796 vulgi
226 1725 421 1780 {crebriores
447 1723 520 1798 apud
545 1724 637 1798 ipsum
662 1743 820 1793 sermones,
845 1727 949 1799 quanti)

60 1799 234 1872 sperantibus
248 1803 330 1876 plura
342 1801 481 1858 dicuntur.

94 1875 228 1936 LXXIX.
271 1876 353 1934 Haud
376 1879 460 1934 dubia
480 1878 664 1934 destinatione
690 1879 860 1944 discessere,
884 1877 948 1934 Mu·

59 1951 154 2011 cianus
181 1954 369 2024 Antiochiam,
393 1955 583 2030 Vespasianus
609 1953 795 2012 Caesaream:
820 1955 869 2011 illa
895 1956 946 2030 Sy-

58 2029 118 2099 riae,
133 2033 197 2089 haec
217 2031 325 2098 Judaeae
347 2036 432 2108 caput
450 2038 502 2089 est.
544 2032 656 2086 Initium
683 2031 792 2088 ferendi
816 2033 850 2086 ad
877 2029 948 2085 Ve-

58 2109 201 2238 pasianum
229 2109 342 2185 imperii
372 2108 550 2166 Alexandriae
569 2113 703 2180 coeptum,
730 2107 878 2165 festinante
898 2107 948 2164 Ti·

76 2187 138 2242 erio
162 2187 333 2256 Alexandro,
349 2189 396 2262 qui
419 2186 554 2242 Kalendis
575 2184 658 2242 Juliis
688 2192 864 2243 sacramento
888 2184 948 2261 ejus

57 2260 182 2336 legiones
204 2265 304 2338 adegit.
346 2265 430 2341 isque
451 2265 558 2340 primus
580 2263 753 2338 principattls
767 2265 827 2321 dies
841 2264 869 2320 in
883 2283 947 2339 pos-

56 2343 344 2411 terumcelebratus,
372 2343 497 2422 quamvis
523 2341 656 2398 Judaicus
682 2343 826 2400 exercitus
852 2342 947 2416 quinto
978 2405 982 2412 ,

56 2413 152 2475 Nonas
172 2418 260 2476 Julias
281 2421 355 2495 apud
368 2421 459 2496 ipsum
475 2421 611 2496 jurbsset,
625 2437 660 2476 eo
674 2422 786 2489 ardore,
800 2427 880 2476 utne
895 2420 946 2474 Ti-

56 2500 98 2551 tus
126 2494 240 2570 quidem
272 2497 346 2554 filius
377 2505 600 2570 exspectaretur.
655 2497 737 2569 Syria
760 2513 901 2560 remeans,
921 2504 949 2551 et

55 2573 237 2630 consiliorum
258 2574 333 2629 inter
353 2572 513 2628 Mucianum
527 2591 558 2626 ac
571 2579 682 2644 patrem
691 2573 827 2630 nuntius:
849 2577 949 2626 cuncta

55 2649 163 2725 impetu
186 2649 305 2703 militurn
324 2653 404 2714 acta3
426 2664 482 2700 non
502 2649 598 2718 parata
620 2646 784 2712 concione?
802 2663 858 2700 nou
881 2663 947 2700 cou-

52 2725 159 2798 junctis
172 2723 339 2796 legionibus.
778 2771 785 2779 .

32 2855 39 2864 ,
91 2799 214 2859 LXXX.
257 2798 332 2854 Dum
353 2797 492 2872 quaeritur
505 2803 625 2870 ‚tenpus
651 2797 798 2870 locusque,
819 2797 948 2871 quodque

54 2879 82 2935 in
98 2898 131 2950 re
145 2879 193 2936 tali
207 2875 400 2933 difficillimum
420 2881 472 2942 est,
487 2873 578 2947 prima
598 2891 672 2930 vox:
694 2873 759 2930 dum
779 2873 870 2930 aniano
883 2891 948 2947 spes

35 2958 151 3024 timor,
185 2955 266 3021 ratio,
300 2971 380 3009 casus
407 2953 613 3019 obversantur3
643 2969 788 3024 egressum
817 2951 947 3008 cubiculo

54 3031 272 3108 Vespasianum,
306 3029 388 3104 pauci
421 3028 525 3085 milites
551 3027 632 3084 solito
660 3028 823 3100 adsistentes
850 3028 948 3084 ordine

54 3115 89 3166 ut
110 3109 247 3184 legatum3
269 3106 425 3174 salutaturi,
444 3106 646 3184 imperatorem
664 3105 830 3163 salutavere.
873 3101 968 3158 Turu‘

92 3234 107 3284 1
126 3234 185 3286 dira
204 3236 308 3286 tantam
330 3235 354 3282 ct
376 3227 530 3282 reuerentia.
574 3227 618 3281 Ita
640 3245 656 3281 e
680 3245 731 3280 suo
752 3228 849 3280 codice
872 3225 949 3278 dedit

55 3301 184 3368 Ryckius
202 3302 278 3354 Editi
296 3312 360 3352 ante
373 3300 472 3365 ipsum,
490 3309 521 3350 ut
533 3307 561 3349 ot
573 3297 647 3350 Flor.
660 3308 688 3349 et
700 3297 806 3364 Regius
818 3296 948 3362 scribunt,

54 3387 132 3424 nram
145 3375 250 3430 tantum
261 3374 286 3438 et
296 3368 476 3422 reverentiam.
514 3367 553 3419 Su
557 3367 619 3436 pple
636 3377 801 3429 memorant,
813 3365 914 3418 ferunt.

93 3439 110 3492 2
127 3441 196 3493 Non
209 3438 311 3510 parutd
328 3437 458 3490 concione.
495 3436 539 3488 Ita
551 3438 640 3488 codex
652 3435 763 3506 Ryckii,
774 3445 805 3486 ut
823 3434 947 3502 conjece·

53 3517 102 3560 rat
113 3509 246 3562 Pichena.
282 3507 320 3558 At
331 3507 406 3558 Flor.
418 3507 560 3574 Regiuset
569 3505 635 3558 editi
648 3515 712 3558 ante
722 3503 860 3572 Ryckium
872 3516 948 3556 men·

54 3577 136 3644 close,
148 3595 204 3629 non
212 3575 311 3646 paratd
323 3575 481 3644 cognitione.

92 3643 111 3698 3
130 3645 214 3700 Solito
232 3643 389 3698 adsistentes
407 3645 508 3708 ordine,
519 3650 550 3697 nt
568 3646 695 3714 legatum,
708 3644 753 3708 irc.
792 3643 951 3698 Italorum

45 3709 186 3801 APichena
197 3714 316 3770 refinxit.
352 3713 427 3767 Editi
438 3725 504 3768 ants
515 3717 616 3784 ipsum,
628 3726 659 3772 ut
671 3725 699 3770 et
719 3715 831 3786 codices
848 3709 953 3769 habam
