2214 3986
147 315 201 378 20⁴
402 317 437 376 c.
455 315 569 376 CORN.
587 315 723 376 nactur
839 334 868 374 s.
888 333 915 374 u.
934 334 960 373 c.
978 317 1045 378 823

127 434 194 529 llus
217 443 432 544 sorebatsquia
453 468 482 526 in
502 467 644 526 nerninem
667 467 741 524 ultra
767 466 857 525 aciem
880 435 1040 528 saevierant.

151 546 189 604 Et
210 544 356 608 serebatur
377 545 512 604 Antonius
537 543 750 602 Scribonianum
773 542 935 614 (incassum,l
963 565 1041 621 egre-
1089 609 1091 622 ⁴

150 625 204 703 giis
223 625 384 702 majoribus,
404 630 435 679 et
456 620 584 681 fraterna
605 621 725 695 imagine
746 619 913 696 fulgentum,
939 624 974 680 ad
998 643 1040 682 ca·

88 742 102 775 ,
151 705 316 778 pessendam
336 700 539 780 rempublicam
558 701 706 758 hortatus:
728 697 803 755 haud
825 698 959 760 defutura
975 719 1040 759 con—

150 780 273 838 sciorum
297 797 391 849 manu,
418 779 446 835 ni
473 777 672 836 Scribonianus
697 775 850 846 abnuisset,
876 797 914 836 ne
940 779 1039 854 paratis

171 857 264 914 uidem
284 856 429 934 corrumpi
449 854 548 923 facilis,
569 855 641 914 aden
654 860 782 912 metuens
796 854 914 913 incerta.
958 857 1039 930 Igitur

151 875 309 1004 dinamus,
336 934 409 1010 quia·
426 950 479 1007 pro
501 934 572 1000 alam
595 931 718 1007 opprimi
744 933 881 990 Antonius
901 934 1039 1008 nequibat,

150 1013 243 1070 multis
258 1013 286 1071 in
306 1019 404 1073 senatu
424 1011 470 1082 lap
491 1009 551 1066 'bns
570 1009 751 1078 cumulatum,
765 1009 885 1066 secretis
899 1011 1039 1084 promissis

151 1097 260 1158 onerat,
288 1089 480 1146 ‘citeriorem
514 1085 686 1160 Hispaniam'
719 1092 872 1155 ostentans,
896 1087 1041 1146 ‘discessu

152 1166 273 1224 ‘Cluvii
297 1166 362 1222 Rufi
383 1181 499 1221 vacuam
516 1163 535 1218 :'
565 1162 648 1220 simul
674 1162 768 1220 amicis
794 1165 865 1238 ejus,
890 1165 1040 1223 tribunatus

43 1283 45 1288 ,
152 1244 393 1322 praefecturasque
415 1241 539 1316 largitur.
582 1239 665 1308 Dein,
683 1247 832 1320 postquam
853 1241 966 1300 inanem
989 1245 1040 1300 ani-
1090 1281 1091 1318 ,

153 1341 229 1381 mum
242 1342 294 1398 spe
308 1330 337 1380 et
349 1319 480 1394 cupidine
496 1318 676 1392 impleverat,
690 1317 767 1376 vires
780 1321 875 1376 abolet
891 1343 898 1377 z
921 1321 1039 1392 dimissi,
1090 1332 1091 1362 l

153 1400 183 1460 in
216 1401 335 1459 hiberna
368 1396 478 1470 legione
507 1394 637 1470 septimi,
663 1395 743 1471 cujus
766 1395 992 1471 flagrantissimus
1016 1401 1041 1456 in
1090 1369 1091 1444 i

153 1478 304 1534 Antonium
324 1493 410 1536 amor.
451 1472 488 1530 Et
507 1473 591 1531 tertia
609 1473 694 1548 legio,
708 1473 850 1540 familiaris
871 1477 957 1534 Arrio
971 1478 1042 1535 Varo

152 1553 244 1621 miles,
265 1555 294 1609 in
313 1552 423 1627 Syriam
444 1550 569 1608 remissa
612 1550 682 1608 Pars
704 1551 855 1621 exercitiis,
876 1553 905 1610 in
929 1539 1041 1614 Germa-

153 1629 211 1688 nias
237 1629 401 1686 ducebatur.
444 1627 490 1684 Sic
514 1632 622 1701 egesto,
641 1625 776 1706 quidquid
798 1629 953 1701 turbidum,
975 1634 1043 1690 redit

152 1707 217 1770 urbi
229 1725 279 1764 sua
290 1705 389 1773 forma,
403 1707 549 1780 legesque,
563 1712 593 1762 et
605 1705 699 1764 munia
712 1707 928 1780 magistratuum.

192 1783 253 1840 XL.
294 1783 417 1855 Quodis
431 1791 559 1840 senatum
571 1783 713 1857 ingressus
728 1791 771 1841 est
785 1783 971 1857 Domitianus,
989 1797 997 1822 ‘
1011 1787 1043 1845 de

154 1862 303 1924 ‘absentia
326 1862 412 1937 patris
435 1858 598 1936 fratrisque,
622 1870 654 1918 dc
675 1862 794 1936 juventa
815 1861 886 1931 sut?
908 1882 1000 1939 pauca
1019 1875 1044 1923 et

154 1941 265 1999 modica
285 1939 427 2008 disseruit,
440 1938 562 1996 decorus
581 1937 696 2010 babitu;
718 1946 748 1996 et
767 1939 867 2013 ignotis
883 1943 1043 2013 adbuemo·

154 2019 248 2089 ribus,
262 2020 366 2078 crebra
379 2018 442 2074 oris
462 2015 591 2075 confusio
613 2033 666 2090 pro
690 2017 825 2094 modestia
847 2019 1042 2094 accipiebatur.
1089 2031 1090 2102 p

155 2095 311 2156 Referente
332 2095 458 2164 Caesare,
479 2094 540 2150 ‘de
554 2092 733 2152 restituendis
752 2093 851 2155 Galbae
869 2095 1042 2168 honoribus,’
1089 2107 1090 2110 ’

154 2176 263 2246 censuit
284 2172 399 2230 Curtius
420 2172 578 2240 Montanus,
600 2178 651 2238 ‘ut
671 2169 781 2231 Pisonis
805 2193 919 2250 quoque
942 2193 1042 2236 memo·

155 2251 222 2305 ‘ria
235 2251 450 2315 celebraretur?
492 2249 592 2306 Patres
615 2253 766 2326 utrumque
782 2251 921 2326 jussere:
944 2254 980 2311 de
1000 2253 1041 2309 Pi-

129 2378 133 2387 ,
154 2341 223 2381 sone
233 2326 347 2386 inritum
357 2324 418 2386 suit.
439 2325 530 2382 rTurn
538 2333 616 2382 sorte
627 2325 714 2396 ducti,
729 2338 736 2362 ‘
749 2345 802 2403 per
813 2347 883 2404 quos
894 2331 1042 2388 redderen-

156 2409 163 2434 ‘
178 2408 225 2459 tur
244 2403 320 2459 bello
344 2412 433 2478 repta,
448 2403 553 2477 quique
574 2422 632 2464 aera
644 2405 765 2478 legum,²
777 2414 916 2480 vetustate
930 2409 1042 2484 dilapsa,

156 2487 339 2552 ‘noscerent,
363 2479 550 2556 figerentque,
574 2488 604 2537 et
629 2481 737 2552 Festos,
761 2484 919 2544 adulatione
939 2493 1042 2562 tempo·

88 2605 91 2613 .
156 2567 244 2638 ‘rum
267 2558 394 2628 foedatos,
422 2566 621 2628 exonerarent,
654 2561 824 2638 modumque
850 2564 971 2638 publicis
996 2565 1042 2620 im-

156 2638 273 2714 ‘pensis
295 2635 443 2695 lacerent'
485 2633 623 2696 Redditur
648 2637 751 2696 'lertio
777 2639 889 2698 Juliano
914 2649 1042 2718 praetura,

157 2724 303 2796 postquam
344 2716 469 2790 cognitus
507 2713 551 2772 est
583 2715 617 2772 ad
650 2715 838 2792 Vespasianus
879 2719 1041 2794 confugisse,
1088 2759 1089 2776 1

157 2795 268 2868 Gripho
290 2793 382 2851 honor
403 2791 511 2850 mansit.
553 2791 659 2870 Repeti
677 2794 743 2851 inde
766 2796 953 2870 cognitionem
974 2798 1042 2854 inter
1087 2813 1089 2882 ᾧ

158 2870 318 2927 Musonium
344 2870 448 2928 Rufum
475 2877 504 2926 et
526 2869 559 2925 P.
583 2869 719 2930 Celerem
742 2873 870 2947 placuit;
893 2875 1041 2932 damnatus-
1088 2899 1089 2950 3

157 2967 213 3024 que
237 2947 363 3014 Publius,
383 2956 412 3006 et
435 2947 535 3006 Sorani
559 2949 684 3006 manibus
708 2949 890 3010 satisfactum.
933 2951 1041 3026 Insignis
1088 2957 1089 2992 t

157 3024 270 3100 publica
292 3025 444 3082 severitate
464 3024 535 3093 dies,
549 3043 585 3082 ne
608 3026 741 3100 privatim
768 3027 881 3102 quidem
902 3029 984 3086 laude
1002 3048 1042 3085 ca·
1088 2997 1089 3090 i

157 3103 236 3160 ruit:
264 3101 373 3176 justum
386 3101 534 3176 judicium
559 3104 690 3178 explesse
704 3097 864 3162 vMusonius
890 3105 1040 3164 videbatur.
1088 3091 1089 3132 l

193 3283 207 3335 1
228 3279 432 3332 Scribonianum
455 3281 593 3335 Crassum.
629 3277 757 3337 Fratrem
779 3283 810 3337 L.
831 3281 946 3348 Pisonis
967 3301 1042 3355 quem

159 3343 249 3396 Galba
261 3348 450 3414 adoptaverat.

189 3409 294 3480 ¹2AErn
305 3414 401 3480 legum.
438 3415 529 3484 Leges
547 3420 576 3470 in
595 3420 704 3490 tabulas
717 3437 809 3478 cereas
820 3397 917 3480 incisae
928 3440 980 3496 per
990 3423 1044 3480 fors

120 3557 125 3567 Ι
161 3467 270 3536 aliaque
280 3477 343 3572 loca
353 3484 465 3548 publica
476 3485 642 3556 figebantur.
