2252 3958
178 1 184 4 .
219 1 247 4 --
293 6 300 17 .
349 1 365 4 ..

228 25 246 37 '⁴
296 26 312 69 1

184 81 191 96 b

69 344 89 384 t·
104 343 127 384 o.
143 326 184 383 oe.
225 381 229 392 ,
265 325 419 382 nts'l'ott.
439 274 511 382 1:113.
525 246 759 383 gnomone·
911 333 946 390 ὓ

68 469 130 530 ilion
148 473 263 542 remisse
282 475 431 547 legatione,
451 474 543 550 patuit
559 475 673 534 vallum
716 473 873 535 Tnmricti
885 478 943 536 rio·

71 555 192 624 loresque
213 549 242 606 in
261 551 390 607 lacrimas
410 550 502 619 effusi,
528 559 634 610 sortem
658 552 784 610 civilium
807 571 947 614 armornm

70 625 161 682 misera
181 626 279 684 laetitia
302 627 482 689 detestantes.
524 627 626 686 lisdem
652 629 792 705 teqtoriis,
819 631 867 688 alii
892 628 946 688 sra-

68 707 142 770 trum,
152 703 198 759 alii
209 705 433 780 propinquorum
441 703 710 764 vulueraiorebant.
749 707 821 782 Spes
833 715 863 764 et
873 725 946 782 prn-

67 778 116 834 mie
126 779 156 858 in
168 781 297 854 ambiguo
310 804 317 850 ς
338 789 419 838 certa
431 781 533 840 sunere
545 789 575 840 et
584 784 685 840 luctus.
727 781 790 841 Nec
801 785 948 860 quisquam

68 855 216 914 adedrmali
240 876 355 932 expers,
381 866 413 916 ut
437 877 494 916 non
517 859 638 934 aliquam
657 867 777 916 mortem
800 868 945 918 moereret.

67 929 236 1009 Requisiturn
260 931 392 1010 Orphidii
413 936 630 1010 legati-corpus,
650 936 759 994 bonore
779 937 861 995 solito
883 955 947 995 cre·

65 1018 152 1067 matur
202 1011 312 1067 Paucos
325 1013 477 1068 necessarii
485 1013 611 1086 ipsorum
618 1012 798 1086 sepelivere:
820 1021 948 1074 ceterum

38 1111 40 1114 ·
64 1087 171 1160 tulgus,
184 1105 272 1161 super
284 1089 401 1144 humum
414 1089 552 1144 relictum.

100 1162 208 1221 XLVI,
246 1163 458 1238 Opperiebatur
478 1163 555 1220 Otho
577 1166 703 1223 nuntium
722 1185 822 1241 pugne
845 1187 949 1244 nequa·

63 1258 145 1314 quam
170 1239 365 1314 trepidus‚,.et
389 1241 498 1298 consilii
521 1249 616 1298 certus
627 1263 642 1298 ε-
656 1253 754 1300 mcesta
773 1245 892 1317 primum
911 1245 952 1306 sa·
1105 1247 1106 1286 l

64 1335 115 1385 ma,
128 1317 194 1374 dein
208 1316 321 1391 profugi
335 1335 352 1373 e
366 1318 468 1392 proelio
481 1319 605 1393 perditas
620 1337 667 1376 res
680 1317 859 1394 patefaciunt.
888 1321 953 1378 Non

65 1395 240 1470 exspectavit
249 1394 368 1451 militum
390 1395 475 1452 ardor
488 1413 593 1454 vocem
602 1397 807 1472 Imperatoris:
827 1405 835 1432 ⁴
850 1399 955 1456 bouum

66 1472 193 1541 'babere
216 1472 348 1528 animum’
367 1472 524 1548 jubebaut3
554 1481 728 1550 ‘superesse
749 1474 841 1532 adhuc
866 1493 953 1532 novas

67 1556 73 1582 ‘
87 1549 172 1616 vires,
194 1556 223 1606 et
236 1549 312 1624 ipsos
326 1558 454 1614 extrema
467 1569 610 1626 passuros,
630 1569 805 1628 ausurosque
818 1553 837 1607 ε’
859 1569 953 1628 nsque

65 1633 121 1684 erat
133 1627 266 1684 adulatio.
309 1627 355 1684 lre
369 1628 397 1684 in
412 1627 513 1696 aciem,
527 1629 652 1688 excitare
667 1630 789 1706 partium
801 1627 952 1699 fortunam,

65 1701 157 1761 i'urore
179 1703 301 1778 quodam
317 1713 346 1763 et
366 1705 510 1762 instinctul
533 1705 705 1780 flagrabant:
728 1707 775 1783 qui
790 1709 890 1782 procul
905 1707 952 1770 ed-

66 1781 199 1860 stiteraut,
221 1780 341 1838 tendere
363 1801 472 1851 manus,
495 1789 525 1840 et
544 1782 665 1858 proximi
686 1801 822 1860 prensare
839 1802 951 1856 geuua3

65 1857 272 1943 promptissimo
298 1857 391 1915 Plotio
421 1859 527 1916 Firmo.
583 1861 610 1916 ls
635 1861 762 1935 pretorii
788 1860 953 1935 praefectus,

65 1935 223 1992 idemtidem
247 1936 356 2004 orabat,
382 1944 441 1992 ‘ne
465 1935 628 1994 fidissimum
650 1938 818 2004 exercitum,
841 1955 877 1994 ue
903 1956 954 2012 op·

66 2012 148 2068 ‘time
172 2012 291 2069 meritos
313 2013 416 2069 milites
439 2012 607 2070 desereret:
639 2014 746 2088 majore
770 2014 861 2069 animo
883 2014 953 2070 tole·

67 2097 73 2122 ‘
87 2091 140 2147 rari
154 2089 285 2158 adverse,
299 2091 383 2164 quim
396 2090 528 2164 relinqui.
570 2089 671 2146 Fortes
680 2097 709 2146 et
718 2098 858 2157 strenuos,
872 2090 955 2145 etiam

66 2174 185 2226 ‘contra
206 2166 356 2236 fortunam,
379 2167 511 2224 insistere
530 2167 592 2242 spei
605 2188 613 2237 3
635 2166 744 2222 timidos
756 2171 784 2222 et
793 2164 908 2238 ignavos
922 2165 956 2222 nd

67 2245 313 2321 ‘desperationem
322 2243 471 2302 formidine
480 2245 659 2320 properare.’
690 2242 954 2314 Quasintmvocec

66 2329 94 2378 ut
113 2321 233 2380 flexerat
255 2323 374 2390 vultum,
395 2330 443 2380 aut
467 2323 646 2395 induraverat
672 2321 758 2391 Otho,
784 2321 904 2380 clamor²
926 2329 956 2380 et

66 2401 190 2472 gemitus.
242 2399 308 2458 ‘Nec
336 2401 499 2475 praetoriaui
525 2398 640 2471 tantuin,
673 2402 806 2477 proprius
834 2399 954 2459 Othonis

68 2479 154 2548 miles,
179 2479 230 2534 sed
250 2480 389 2553 praemissi
403 2499 420 2536 e
434 2478 545 2554 Moesia,
569 2479 719 2536 ‘eamdem
739 2478 955 2537 obstinationem

67 2555 261 2614 ‘adventantis
287 2557 439 2621 exercitus,
455 2553 588 2628 legiones
611 2557 768 2629 Aquileiam
793 2551 954 2626 ingressas,’
983 2577 988 2586 =

67 2634 245 2690 nuntiabant:
268 2640 299 2686 ut
309 2649 391 2686 nemo
414 2632 523 2686 dubitet
545 2633 671 2703 potuisse
698 2631 830 2686 renovari
848 2628 956 2692 bellum

67 2719 159 2775 atrox,
173 2709 303 2778 lugubre,
317 2707 455 2760 incertum
469 2705 561 2771 victis,
575 2712 604 2760 et
617 2705 780 2760 victoribus.

102 2781 226 2842 XLVII.
269 2782 333 2854 lpse
347 2797 463 2835 aversus
477 2779 625 2834 aconsiliis
635 2779 714 2846 belli,
728 2792 736 2812 ¹
749 2777 842 2834 Huno'
857 2779 955 2853 inquit,

68 2862 225 2928 ¹animum,
249 2859 321 2914 bano
345 2856 478 2914 virtutem
500 2862 624 2912 vestram
646 2855 719 2912 ultra
738 2854 873 2929 periculis
887 2856 956 2930 obji-

68 2947 171 3008 ⁴cere,
194 2936 275 2994 nimis
295 2933 400 3008 grande
413 2933 478 2990 vitae
492 2951 564 2990 mea
583 2932 706 3008 pretium
724 2939 802 3008 puto.
845 2933 957 3001 Quanto
1006 2938 1024 2968 ⁸

68 3024 75 3050 ‘
91 3017 156 3092 plus
169 3014 231 3090 spei
242 3011 399 3080 ostenditis,
418 3011 441 3067 ei
456 3011 555 3068 vivere
569 3012 706 3085 placeret,
720 3011 799 3069 tento
811 3010 958 3084 pulchrior

69 3092 244 3150 ‘merser-it.
285 3088 404 3164 Experti
425 3087 547 3145 invicem
566 3105 673 3156 sumus,
695 3105 747 3162 ego
767 3105 799 3144 ac
813 3085 925 3146 fortuna
933 3085 971 3141 :3'

104 3217 241 3297 ld'urore
262 3215 376 3286 quodum¹
393 3218 417 3267 el
435 3212 574 3268 instinctio.
611 3207 674 3280 Pro,
694 3213 808 3282 quodum
827 3210 958 3266 instinctis
1068 3267 1072 3274 ,

82 3302 179 3338 orons.

59 3288 122 3407 ‘s2
143 3354 256 3408 Cluana.
294 3353 386 3407 Latus
397 3355 536 3420 nimirum,
555 3355 604 3409 ubi
625 3351 701 3406 Otho
714 3352 831 3422 fluerat
847 3351 956 3417 nultum,

71 3433 213 3490 ¹tamquam
242 3425 425 3477 obsecuturus
454 3425 573 3479 militnm
602 3423 708 3488 studiis,
734 3419 864 3492 gemitus,
881 3435 964 3500 vere„

71 3495 182 3559 quando
194 3493 378 3546 iudtmaverat.

104 3561 123 3612 3
140 3561 251 3630 riperti
261 3561 372 3615 inuicem
380 3579 483 3628 mmor,
492 3580 540 3633 ego
549 3579 581 3616 oo
604 3568 711 3617 onuba.
729 3561 797 3618 Haec
809 3559 956 3632 imperium

30 3655 32 3666 =
72 3629 139 3682 milii
151 3629 308 3697 deferendo,
320 3649 372 3701 ego
385 3634 567 3702 temperando
590 3634 713 3690 elicitnti.

481 3723 542 3781 Hs
