2254 3960
160 413 213 474 ne
413 411 448 470 c.
466 411 579 470 roan.
597 407 736 468 racrrr
800 373 821 479 ,’
849 426 877 467 r.
899 426 928 468 u.
946 427 976 466 ο.
993 412 1058 470 aaa.

160 559 232 620 tem!
256 565 356 638 sponte
376 559 550 634 prevenire.
591 557 629 616 Et
648 556 806 626 Classicus,
829 557 918 615 nsisso
942 559 1060 616 AEmilio

162 637 300 712 Longino,
313 637 461 692 desertore
484 636 584 710 primae
607 635 736 708 legionis,
757 633 866 691 codem
884 635 949 709 ejus
966 643 1058 692 matu-

163 713 247 772 rarit.
288 711 466 768 Herennium
489 719 519 768 et
539 709 708 780 Numisium,
727 711 843 784 legatos,
857 711 975 779 vinciri,
996 711 1059 768 satis

162 789 265 848 risum.
319 787 404 856 Dein,
430 788 550 864 sumptis
583 787 702 845 Romani
734 787 847 862 imperii
880 787 1060 862 insignibunt

162 866 192 921 in
205 871 298 922 castra
319 865 406 926 venit.
448 863 513 922 Nec
536 865 588 932 illi,
603 883 768 940 quamquam
791 865 931 921 adomne
954 863 1058 921 facinus

158 941 273 1010 durato,
287 943 377 999 verba
397 941 472 998 uitri
493 942 724 1016 suppeditavere,
744 941 827 1016 quim
846 949 878 998 ut
898 959 1057 999 sacramen-

163 1023 222 1075 tum
234 1019 378 1076 recitaret.
419 1017 436 1071 J
439 1037 560 1076 uravere
574 1019 622 1092 qui
636 1019 761 1084 aderant,
776 1026 783 1052 ‘
796 1036 850 1092 pro
860 1017 988 1092 imperio
994 1019 1058 1074 Gal-

164 1095 309 1152 ‘liarum’
351 1094 569 1153 interfectorem
582 1093 787 1162 Voeulae,al'tis
808 1095 967 1163 ordinibus,
985 1103 1058 1152 cete·

164 1189 222 1240 ros,
243 1179 277 1230 ut
302 1173 422 1258 quisque
447 1171 581 1246 flagitium
603 1179 770 1237 novaverat,
792 1172 918 1244 premiis
946 1172 1057 1252 attollit.

165 1247 273 1308 Divinas
293 1250 359 1307 inde
372 1257 447 1309 mter
460 1249 600 1322 Tutorem
614 1256 643 1308 ot
656 1249 812 1304 Classicum
825 1264 913 1303 coroa.
957 1248 1058 1316 Tutor,

165 1325 258 1384 valida
283 1346 365 1384 marin
391 1326 577 1384 circumdatos
606 1324 838 1398 Agrippinenses,
869 1330 1058 1400 quantumque

165 1403 283 1461 militum
304 1404 378 1480 apud
398 1404 575 1482 superiorem
596 1401 690 1459 Rheni
712 1401 813 1475 ripam,
825 1402 856 1456 in
875 1399 977 1458 eadem
996 1421 1058 1458 ver·

165 1480 203 1536 ba
226 1481 319 1554 adigit,
340 1479 440 1538 scobis
459 1478 635 1552 'Mogontiaci
652 1477 781 1545 tribunis,
800 1479 881 1551 pulso
904 1485 1059 1536 castrorum

165 1555 314 1628 praefecto,
329 1557 376 1630 qui
389 1555 624 1612 detrectaverant.
666 1555 807 1613 Classicus
817 1556 1060 1629 corruptissimum

166 1648 307 1706 quemque
326 1650 344 1687 e
367 1631 467 1688 deditis
489 1641 632 1706 ‘pergere
655 1632 690 1688 ad
712 1633 852 1689 obsessos’
870 1633 965 1706 jubet,
990 1643 1057 1690 ‘ve-

165 1707 262 1766 ‘niem
288 1715 468 1777 ostentantes,
495 1709 519 1766 si
545 1709 693 1782 presentis
719 1717 932 1783 sequerentur,
967 1710 1059 1778 aliter,

165 1781 258 1848 ‘nibil
278 1785 362 1860 spei:
385 1785 497 1853 famem,
518 1784 693 1860 ferrumque,
708 1793 738 1843 et
759 1793 888 1842 extrema
906 1790 1060 1861 passuros'

83 1897 99 1910 .
165 1859 307 1936 Adjecere
320 1862 369 1939 qui
388 1862 466 1919 missi
480 1869 569 1930 erant,
583 1865 849 1943 exemplumsuum.
899 1885 901 1894 ι

203 1937 266 1995 Lx.
307 1937 445 1997 Obsessos
467 1940 532 1998 hinc
551 1939 631 2008 fides,
651 1940 717 1997 inde
738 1947 858 2013 egestas,
879 1940 952 1998 inter
973 1941 1061 1998 decus

166 2033 199 2074 ac
217 2015 348 2090 flagitium
368 2017 571 2080 distrahebant.
613 2017 815 2076 Cunctantibus
837 2018 918 2074 solita
936 2019 1061 2076 insolita·

167 2113 224 2170 qne
247 2095 377 2152 &menta
399 2093 540 2166 deerant3
574 2095 726 2169 absumptis
747 2095 883 2169 jumentis
909 2095 1060 2170 equisque,

166 2178 197 2228 et
219 2172 324 2230 ceteris
347 2172 522 2240 animalibus,
546 2190 609 2246 quae
633 2171 753 2245 profane
774 2170 905 2246 soedaque
926 2172 954 2228 in
980 2191 1061 2230 nsum

166 2250 318 2306 necessita
338 2249 434 2305 vertit.
476 2249 603 2322 Virgulta
623 2251 779 2323 postremis,
794 2256 823 2319 et
842 2249 953 2324 stirpes,
969 2257 1001 2306 et
1020 2250 1060 2306 in·

165 2327 287 2381 ternatas
310 2325 384 2381 saxis
406 2326 509 2382 herbas
532 2327 681 2394 vellentes,
702 2326 880 2382 miseriarum
902 2325 1061 2400 patientiae·

165 2417 221 2472 que
247 2401 445 2458 documentum
470 2401 576 2473 fuere;
597 2403 688 2459 donec
702 2404 852 2477 ‘egregiam
873 2402 982 2464 laudem
1001 2402 1062 2460 line

165 2477 242 2552 turpi
268 2478 451 2545 macularent,
478 2479 573 2536 missis·
594 2481 631 2538 ad
657 2478 780 2538 Civilem
811 2481 908 2554 legatis
937 2479 1060 2538 ‘vitam’

166 2561 299 2612 orantes:
322 2571 415 2630 neque
441 2557 504 2613 ante
532 2575 633 2630 preces
657 2558 795 2626 admissas,
817 2559 901 2632 quim
915 2557 947 2632 in
968 2559 1062 2614 verba

127 2689 129 2700 Ι
165 2630 321 2690 Galliarum
328 2633 470 2710 jurarent.
512 2631 589 2691 Tum
602 2642 699 2710 pactus
720 2636 865 2709 ‘praedam
879 2635 1060 2704 castroram,’

165 2708 212 2766 dat
232 2710 372 2778 custodes,
393 2710 441 2786 qui
467 2711 628 2786 pecuniam,
647 2713 775 2779 calones,
794 2711 915 2770 sarcinas
937 2719 1060 2770 retenta-

166 2793 240 2856 rent,
254 2806 286 2845 ac
300 2789 347 2863 qui
361 2789 437 2862 ipsos
451 2789 549 2846 leves3
566 2791 701 2847 abeuntes
722 2796 973 2863 prosequerentur.
1018 2789 1060 2844 Ad

166 2864 291 2939 quintum
311 2864 374 2922 fere
394 2866 517 2942 lapidem
536 2866 627 2923 coorti
647 2865 793 2934 Germani,
807 2867 945 2928 incautum
959 2885 1060 2939 agmen

166 2939 375 3014 adgrediuntur.
435 2942 658 3016 Pugnacissimus
692 2943 810 3017 quisque
843 2943 875 2999 in
913 2944 1057 3016 vestigi03

164 3017 243 3077 multi
253 3019 377 3091 palantes
388 3021 549 3082 occubuere
563 3042 570 3076 z
592 3010 682 3078 ceteri
692 3027 783 3077 restro
793 3019 821 3076 in
832 3028 923 3079 castra
932 3019 1059 3094 profugi·

200 3144 215 3194 1
234 3140 419 3196 fedissimum
434 3127 547 3199 moriam.
590 3143 661 3203 Quae
680 3161 746 3198 mox
765 3145 915 3204 desertoris
935 3145 1057 3214 prodito·

64 3266 68 3280 ,
164 3213 256 3280 risque
268 3228 355 3265 manu
367 3214 487 3266 obvenit.

198 3281 217 3332 2
233 3281 353 3334 Romani
374 3281 480 3352 imperii
499 3281 667 3352 insignibus.
705 3284 831 3337 Lictores
854 3299 919 3336 cum
936 3283 1058 3338 fascibus

164 3348 292 3415 intelligit
305 3349 449 3404 Ernestus.
501 3413 504 3416 ,
625 3405 627 3410 .

198 3413 217 3464 3
233 3415 273 3465 Ac
284 3417 332 3483 qui
342 3418 415 3486 ipsos
426 3421 501 3472 leves.
538 3421 663 3489 Duplicis
681 3423 792 3490 generis
804 3423 861 3476 dati
874 3423 1004 3477 custodes
1016 3422 1056 3476 di·

165 3490 273 3542 cuntur,
295 3500 413 3548 quorum
432 3490 478 3540 alii
495 3491 618 3556 proedarn
642 3494 671 3545 in
690 3493 789 3545 castris
810 3501 991 3555 retentarent,
1010 3493 1056 3544 olii

165 3542 504 3665 {ilostqqquqqsequerentur
524 3559 599 3625 leves,
612 3572 640 3621 et
653 3563 770 3621 sarcinis
782 3562 956 3647 fortunisque
967 3555 1056 3616 omni-
