2252 3958
87 302 209 360 sess.
296 299 468 360 maroa.
488 301 560 361 nm
579 299 731 381 ramos
958 309 994 368 so

92 457 101 484 ‘
117 437 244 526 prodig's
257 451 323 509 vite
338 452 472 526 legisset?
517 450 599 510 Paria
609 449 742 510 Vitellius
753 454 919 526 ostentabat,
932 458 989 532 pri·

92 529 141 585 rnb
162 527 284 596 mulliirs,
312 529 396 586 stulti
419 530 562 604 utrimque
585 537 614 588 et
636 529 772 587 indecori
790 531 988 594 simulatione:

92 620 172 672 mox,
194 605 274 680 quasi
294 605 430 675 rixantes,
452 614 549 681 stupra
569 612 598 663 et
615 605 717 681 flagitis
729 607 853 665 invicem
866 609 989 684 objecta·

92 680 379 748 vere,neutersalsb.
420 682 508 754 Otho,
522 683 674 751 revocah's,
688 701 759 758 quos
767 683 989 756 Galbamiserat,
1024 685 1040 723 '
1118 753 1119 760 ἵ

92 756 202 832 legatis,
225 761 414 819 rursus-alios
439 761 472 817 ad
490 769 642 837 utrumque
660 760 861 819 Germanicum
876 763 989 821 exerci-
1118 769 1119 776 ’

92 830 230 906 tnm,¹'et
248 837 288 892 ad
314 836 454 910 legionem
473 837 608 906 italicam,
635 855 750 914 easque,
773 855 837 912 quse
860 839 988 914 Lugduni

92 912 221 984 egebant,
242 913 350 986 copias,
370 915 468 988 specie
488 916 598 972 senatos
616 914 699 972 misit.
741 913 836 988 Legati
850 916 924 990 apud
937 913 986 978 Vi·-

92 988 203 1045 tellium
222 1007 397 1059 remansere,
419 992 584 1068 promptius,
599 992 683 1064 quim
695 997 726 1047 ut
738 993 841 1049 retenti
855 993 986 1052 videren-

90 1071 152 1121 tur.
194 1064 373 1133 Praetorium,
387 1084 469 1139 quos,
489 1083 543 1140 per
555 1067 759 1123 simulatorem
772 1068 867 1137 officii,
890 1070 986 1144 legatis

91 1140 174 1197 Otho
192 1140 369 1216 adjunxerat,
391 1141 516 1210 remissi,
541 1149 688 1215 antequam
709 1143 864 1217 legionibus
886 1148 987 1206 misce·

91 1225 205 1276 rentur.
247 1217 359 1275 Addidit
379 1218 512 1293 epistolas
527 1218 630 1274 Fabius
651 1217 767 1286 Valens,
790 1221 986 1281 nomineGer·
1059 1234 1062 1245 “

91 1295 195 1354 manici
209 1295 363 1364 exercitlls,
385 1288 426 1352 ad
441 1297 589 1370 praetorias
610 1301 639 1351 et
658 1295 778 1353 urbanas
791 1297 933 1370 cobortes,
951 1299 988 1358 ds

92 1373 202 1449 viribus
229 1372 351 1448 partium
373 1372 542 1448 magnificas,
569 1379 598 1430 et
623 1372 803 1430 concordiam
826 1371 985 1432 offerentes.

93 1447 264 1524 increpabat
284 1450 384 1518 ultro,V
408 1451 506 1526 ‘quod
529 1451 607 1507 tuntb
631 1450 693 1506 ante
716 1449 848 1507 traditum
872 1449 986 1510 Vitellio

93 1535 101 1560 ‘
116 1527 269 1602 imperium
282 1528 317 1584 ad
330 1525 652 1586 Othonem'verti'ssent!
693 1527 736 1584 ltu
746 1527 890 1603 promissis
902 1529 986 1586 simul

92 1623 126 1662 uc
147 1605 228 1661 minis
241 1602 437 1664 tentabantur:
460 1615 468 1640 ⁴
484 1613 514 1662 ut
527 1606 604 1662 bello
621 1605 754 1681 impares,
775 1606 804 1661 in
825 1623 895 1681 pace
916 1607 985 1663 nihil

93 1693 100 1715 ‘
116 1681 245 1740 amissuri
258 1683 277 1739 ι’
299 1701 391 1757 neque
405 1682 470 1740 ideo
484 1683 718 1757 praetorianorum
732 1681 802 1738 fides
814 1689 926 1740 mutata.

132 1757 251 1829 LXXV.
292 1759 348 1816 Sed
370 1759 545 1816 insidiatores
567 1761 601 1815 ab
620 1759 734 1816 Othone
755 1758 784 1816 ia
793 1758 984 1829 Germaniam,

8 1901 12 1908 .
93 1835 240 1896 aVitellio
260 1836 291 1909 in,
309 1838 410 1916 urbem
422 1837 517 1894 missi:
540 1835 668 1911 utrisque
682 1835 786 1892 frustra
798 1836 871 1907 suit;
893 1836 984 1893 Vitel-

93 1913 175 1973 lianis
189 1914 313 1988 impune,
337 1932 391 1988 per
412 1921 517 1970 tantam
531 1913 675 1969 hominum
688 1913 902 1980 multitudinem,
924 1932 983 1970 mu·

92 1993 142 2048 tua
164 1991 318 2066 ignorantiis
339 1990 519 2047 fallentibus:
549 1988 714 2055 Othoniani,
733 1991 856 2045 novitate
882 1989 985 2057 rultlls,

93 2067 492 2142 omnibusinvieemignaris‚³
506 2065 708 2142 prodebantur.
748 2061 880 2121 Vitellius
890 2065 985 2122 literas

93 2145 130 2203 ad
144 2145 297 2214 Titianum,
318 2143 435 2202 fratrem
452 2143 583 2210 Othonis,
604 2140 771 2216 composuit,
785 2141 920 2208 ‘exitium
931 2141 987 2216 ipsi

93 2220 234 2298 ‘filioque
256 2222 327 2298 e'jus’
348 2223 486 2289 minitans,
511 2219 560 2276 ‘ni
586 2219 739 2277 incolumes
763 2217 816 2276 sibi
842 2225 931 2291 mater
953 2237 985 2276 ac

93 2301 203 2359 ‘liberi
229 2301 434 2357 servarentur!
490 2297 526 2355 Et
553 2298 628 2354 stetit
648 2296 746 2352 domus
766 2303 901 2371 utraque:
933 2297 986 2353 sub

92 2377 219 2446 Othone,
233 2377 372 2448 incertum
385 2391 419 2435 an
431 2385 528 2448 metu,
550 2370 681 2432 Vitellius
702 2373 804 2443 victor,
824 2373 983 2434 clementiae

110 2456 208 2514 loriam
222 2456 293 2513 tulit.
414 2462 436 2530 Γ,ἢ
822 2499 824 2507 Α
861 2497 877 2514 ·.

91 2476 110 2532 g
132 2532 265 2593 LXXVI.
306 2532 418 2589 Primus
431 2533 538 2589 Othoni
552 2530 683 2588 fiduciam
701 2529 805 2588 addidit
818 2548 855 2587 ex
869 2529 985 2606 illyrico

93 2611 218 2676 nuntius,
228 2611 340 2682 jurasse
353 2609 383 2662 in
403 2626 467 2663 eum
479 2608 637 2672 Dalmatiae,
649 2624 682 2662 ac
695 2605 856 2672 Pannoniae,
871 2613 900 2662 et
912 2605 985 2662 Moe·

92 2690 144 2748 sies
158 2685 294 2758 legiones.
336 2683 415 2736 ldem
436 2699 474 2738 ex
494 2681 630 2754 Hispanis
651 2681 782 2737 allatum:
802 2681 986 2754 laudatusque

91 2782 150 2844 per
163 2761 285 2818 edictum
299 2756 418 2814 Cluvius
428 2753 538 2812 Rususr
561 2762 590 2811 et
599 2754 690 2821 statim
702 2753 843 2827 cognitum
853 2763 905 2822 est,
918 2774 985 2814 con·

92 2857 208 2903 versam
221 2837 255 2895 sd
268 2834 414 2894 Vitellium
428 2830 600 2908 Hispaniam.
641 2829 687 2888 Ne
701 2831 850 2907 Aquitania
861 2831 984 2908 quidem,
1122 2877 1124 2882 ,

94 2974 100 2982 ”
131 2967 275 3022 IRursus
293 2961 362 3017 ulios
376 2961 413 3016 od
429 2953 776 3030 utrubique...eoeer'oitum.
813 2955 858 3012 lta
873 2959 986 3018 codices

95 3051 125 3097 st
141 3037 208 3091 editi
220 3047 285 3090 ante
303 3033 482 3096 Rhenanam,
514 3031 542 3082 ui
553 3030 637 3082 tacite
650 3025 742 3082 omisit
758 3043 856 3082 vocem
867 3029 944 3083 ulios.

133 3103 413 3175 armaturarum.
446 3101 491 3154 Its
530 3100 609 3166 egias
630 3099 718 3153 codex
736 3106 763 3153 et
781 3095 866 3152 editio
886 3100 985 3166 prims,

95 3189 129 3234 ut
152 3177 309 3244 conjecerat
329 3172 492 3233 Rhenanus,
513 3183 563 3236 pro
581 3165 760 3237 iar-crepabant.
806 3167 895 3220 thuro
914 3168 984 3223 onte.

96 3247 224 3301 Vitellius
244 3245 396 3311 imperator
414 3239 551 3293 salutatus
567 3237 612 3289 dia
628 3237 647 3288 2
666 3235 802 3299 Jaauerii,
823 3233 900 3286 Otho
912 3234 984 3302 ejus·

95 3319 160 3375 elem
173 3316 276 3368 mensis
287 3313 329 3371 15.

132 3385 150 3438 3
171 3382 301 3438 Omnibm
319 3379 431 3434 inuicem
451 3373 569 3446 ignom
606 3375 703 3435 Quum
723 3388 814 3442 neque
837 3383 984 3429 noscerent

97 3455 570 3525 quemqummnoquenoscorentur.
597 3444 641 3498 lta
650 3444 725 3496 Flos.
742 3443 847 3512 Regius
855 3454 983 3498 etvetm·

95 3525 182 3579 tiores
193 3521 268 3584 editi,
279 3520 431 3572 Rhenabus
442 3517 528 3570 edidit
536 3513 643 3583 guerit.
679 3512 812 3570 Veterem
827 3512 984 3576 lectionem,

98 3608 183 3662 quam
198 3583 297 3652 masos
308 3588 439 3661 postulat,
449 3585 570 3716 ηειὲῑιιίι
580 3579 725 3642 ernestus.
