<?xml version="1.0" encoding="UTF-8"?>
<!DOCTYPE html PUBLIC "-//W3C//DTD XHTML 1.0 Transitional//EN"
    "http://www.w3.org/TR/xhtml1/DTD/xhtml1-transitional.dtd">
<html xmlns="http://www.w3.org/1999/xhtml" xml:lang="en" lang="en">
 <head>
  <title>
</title>
<meta http-equiv="Content-Type" content="text/html;charset=utf-8" />
  <meta name='ocr-system' content='tesseract 3.04.00' />
  <meta name='ocr-capabilities' content='ocr_page ocr_carea ocr_par ocr_line ocrx_word'/>
</head>
<body>
  <div class='ocr_page' id='page_1' title='image "./ccorneliitaciti25tacigoog_0287.png"; bbox 0 0 2254 3960; ppageno 0'>
   <div class='ocr_carea' id='block_1_1' title="bbox 133 358 1117 437">
    <p class='ocr_par' dir='ltr' id='par_1_1' title="bbox 133 358 1117 437">
     <span class='ocr_line' id='line_1_1' title="bbox 133 358 1117 437; baseline -0.002 -14"><span class='ocrx_word' id='word_1_1' title='bbox 133 358 189 423; x_wconf 67' lang='grc' dir='ltr'><strong><em>Μ</em></strong></span> <span class='ocrx_word' id='word_1_2' title='bbox 395 363 431 423; x_wconf 77' lang='grc'>0.</span> <span class='ocrx_word' id='word_1_3' title='bbox 448 361 561 432; x_wconf 73' lang='lat' dir='ltr'>coila.</span> <span class='ocrx_word' id='word_1_4' title='bbox 580 361 715 437; x_wconf 65' lang='lat' dir='ltr'>utem</span> <span class='ocrx_word' id='word_1_5' title='bbox 833 379 872 436; x_wconf 60' lang='lat' dir='ltr'>a.</span> <span class='ocrx_word' id='word_1_6' title='bbox 892 381 922 422; x_wconf 80' lang='lat' dir='ltr'>u.</span> <span class='ocrx_word' id='word_1_7' title='bbox 941 382 967 422; x_wconf 84' lang='lat' dir='ltr'>r.</span> <span class='ocrx_word' id='word_1_8' title='bbox 984 361 1057 430; x_wconf 52' lang='lat'>85&amp;-</span> <span class='ocrx_word' id='word_1_9' title='bbox 1116 375 1117 392; x_wconf 65' lang='lat'>¹</span> 
     </span>
    </p>
   </div>
   <div class='ocr_carea' id='block_1_2' title="bbox 10 507 1117 3682">
    <p class='ocr_par' dir='ltr' id='par_1_2' title="bbox 130 507 1076 1204">
     <span class='ocr_line' id='line_1_2' title="bbox 132 507 1051 572; baseline 0.003 -3"><span class='ocrx_word' id='word_1_10' title='bbox 132 507 165 570; x_wconf 81' lang='lat' dir='ltr'>vl</span> <span class='ocrx_word' id='word_1_11' title='bbox 177 509 280 570; x_wconf 80' lang='lat' dir='ltr'>deinde</span> <span class='ocrx_word' id='word_1_12' title='bbox 292 508 436 572; x_wconf 76' lang='lat' dir='ltr'>Britannia</span> <span class='ocrx_word' id='word_1_13' title='bbox 447 509 624 570; x_wconf 72' lang='lat' dir='ltr'>consularem</span> <span class='ocrx_word' id='word_1_14' title='bbox 647 509 782 572; x_wconf 82' lang='lat' dir='ltr'>Petilium</span> <span class='ocrx_word' id='word_1_15' title='bbox 801 508 945 571; x_wconf 78' lang='lat' dir='ltr'>Cerialem</span> <span class='ocrx_word' id='word_1_16' title='bbox 966 527 1051 572; x_wconf 80' lang='lat' dir='ltr'>noce·</span> 
     </span>
     <span class='ocr_line' id='line_1_3' title="bbox 132 587 1049 666; baseline 0.005 -23"><span class='ocrx_word' id='word_1_17' title='bbox 132 587 184 662; x_wconf 85' lang='lat' dir='ltr'>pit.</span> <span class='ocrx_word' id='word_1_18' title='bbox 225 587 395 648; x_wconf 77' lang='lat' dir='ltr'><strong>Habuerunt</strong></span> <span class='ocrx_word' id='word_1_19' title='bbox 406 589 524 646; x_wconf 74' lang='lat' dir='ltr'>virores</span> <span class='ocrx_word' id='word_1_20' title='bbox 537 587 658 662; x_wconf 81' lang='lat' dir='ltr'>spatium</span> <span class='ocrx_word' id='word_1_21' title='bbox 671 587 879 664; x_wconf 74' lang='lat' dir='ltr'>exemplorum.</span> <span class='ocrx_word' id='word_1_22' title='bbox 920 589 978 648; x_wconf 82' lang='lat' dir='ltr'>Sed</span> <span class='ocrx_word' id='word_1_23' title='bbox 989 589 1049 666; x_wconf 88' lang='lat' dir='ltr'>pri·</span> 
     </span>
     <span class='ocr_line' id='line_1_4' title="bbox 131 663 1052 744; baseline 0.005 -23"><span class='ocrx_word' id='word_1_24' title='bbox 131 665 181 722; x_wconf 79' lang='lat' dir='ltr'>mo</span> <span class='ocrx_word' id='word_1_25' title='bbox 200 663 329 744; x_wconf 25' lang='lat' dir='ltr'>Cerialis*</span> <span class='ocrx_word' id='word_1_26' title='bbox 340 667 450 727; x_wconf 82' lang='lat' dir='ltr'>labores</span> <span class='ocrx_word' id='word_1_27' title='bbox 468 663 554 724; x_wconf 82' lang='lat' dir='ltr'>modo</span> <span class='ocrx_word' id='word_1_28' title='bbox 568 672 598 722; x_wconf 88' lang='lat' dir='ltr'>et</span> <span class='ocrx_word' id='word_1_29' title='bbox 609 665 787 737; x_wconf 76' lang='lat' dir='ltr'>dimiimioa3</span> <span class='ocrx_word' id='word_1_30' title='bbox 809 683 877 728; x_wconf 80' lang='lat' dir='ltr'>mox</span> <span class='ocrx_word' id='word_1_31' title='bbox 890 671 919 724; x_wconf 91' lang='lat' dir='ltr'>et</span> <span class='ocrx_word' id='word_1_32' title='bbox 930 667 1052 743; x_wconf 82' lang='lat' dir='ltr'>gloriam</span> 
     </span>
     <span class='ocr_line' id='line_1_5' title="bbox 134 742 1052 818; baseline 0.002 -20"><span class='ocrx_word' id='word_1_33' title='bbox 134 744 371 814; x_wconf 58' lang='lat' dir='ltr'>communionum</span> <span class='ocrx_word' id='word_1_34' title='bbox 398 759 477 817; x_wconf 80' lang='lat' dir='ltr'>sepe</span> <span class='ocrx_word' id='word_1_35' title='bbox 500 743 577 817; x_wconf 89' lang='lat' dir='ltr'>parti</span> <span class='ocrx_word' id='word_1_36' title='bbox 600 743 741 800; x_wconf 69' lang='lat' dir='ltr'>meroitlis</span> <span class='ocrx_word' id='word_1_37' title='bbox 761 742 790 800; x_wconf 88' lang='lat' dir='ltr'>ia</span> <span class='ocrx_word' id='word_1_38' title='bbox 810 743 1052 818; x_wconf 82' lang='lat' dir='ltr'>experimontum,</span> 
     </span>
     <span class='ocr_line' id='line_1_6' title="bbox 133 817 1059 896; baseline 0.006 -24"><span class='ocrx_word' id='word_1_39' title='bbox 133 817 280 894; x_wconf 86' lang='lat' dir='ltr'>aliquando</span> <span class='ocrx_word' id='word_1_40' title='bbox 292 820 445 895; x_wconf 82' lang='lat' dir='ltr'>majoribus</span> <span class='ocrx_word' id='word_1_41' title='bbox 455 819 545 894; x_wconf 84' lang='lat' dir='ltr'>copiis</span> <span class='ocrx_word' id='word_1_42' title='bbox 559 827 715 880; x_wconf 77' lang='lat' dir='ltr'>exarcatu</span> <span class='ocrx_word' id='word_1_43' title='bbox 728 819 878 896; x_wconf 77' lang='lat' dir='ltr'>prefecit:</span> <span class='ocrx_word' id='word_1_44' title='bbox 900 839 956 878; x_wconf 86' lang='lat' dir='ltr'>nec</span> <span class='ocrx_word' id='word_1_45' title='bbox 967 821 1059 894; x_wconf 52' lang='lat' dir='ltr'>agro*</span> 
     </span>
     <span class='ocr_line' id='line_1_7' title="bbox 131 895 1051 972; baseline 0.008 -22"><span class='ocrx_word' id='word_1_46' title='bbox 131 897 195 952; x_wconf 87' lang='lat' dir='ltr'>cola</span> <span class='ocrx_word' id='word_1_47' title='bbox 207 913 336 972; x_wconf 84' lang='lat' dir='ltr'>umquam</span> <span class='ocrx_word' id='word_1_48' title='bbox 349 898 379 956; x_wconf 86' lang='lat' dir='ltr'>in</span> <span class='ocrx_word' id='word_1_49' title='bbox 398 915 477 954; x_wconf 90' lang='lat' dir='ltr'>suam</span> <span class='ocrx_word' id='word_1_50' title='bbox 496 895 598 956; x_wconf 84' lang='lat' dir='ltr'>lamam</span> <span class='ocrx_word' id='word_1_51' title='bbox 617 897 703 972; x_wconf 78' lang='lat' dir='ltr'>gestis</span> <span class='ocrx_word' id='word_1_52' title='bbox 715 897 886 968; x_wconf 85' lang='lat' dir='ltr'>exsultavit;</span> <span class='ocrx_word' id='word_1_53' title='bbox 907 897 942 954; x_wconf 90' lang='lat' dir='ltr'>ad</span> <span class='ocrx_word' id='word_1_54' title='bbox 954 905 1051 958; x_wconf 76' lang='lat' dir='ltr'>aucto·</span> 
     </span>
     <span class='ocr_line' id='line_1_8' title="bbox 131 973 1072 1048; baseline 0.006 -21"><span class='ocrx_word' id='word_1_55' title='bbox 131 987 192 1030; x_wconf 88' lang='lat' dir='ltr'>rem</span> <span class='ocrx_word' id='word_1_56' title='bbox 212 980 242 1029; x_wconf 86' lang='lat' dir='ltr'>ot</span> <span class='ocrx_word' id='word_1_57' title='bbox 264 973 379 1044; x_wconf 84' lang='lat' dir='ltr'>ducem,</span> <span class='ocrx_word' id='word_1_58' title='bbox 392 983 423 1032; x_wconf 91' lang='lat' dir='ltr'>ut</span> <span class='ocrx_word' id='word_1_59' title='bbox 441 974 581 1043; x_wconf 76' lang='lat' dir='ltr'>minutor,</span> <span class='ocrx_word' id='word_1_60' title='bbox 593 973 734 1032; x_wconf 84' lang='lat' dir='ltr'>fortunam</span> <span class='ocrx_word' id='word_1_61' title='bbox 751 973 917 1032; x_wconf 87' lang='lat' dir='ltr'>referebat:</span> <span class='ocrx_word' id='word_1_62' title='bbox 939 973 978 1032; x_wconf 88' lang='lat' dir='ltr'>ita</span> <span class='ocrx_word' id='word_1_63' title='bbox 991 975 1072 1048; x_wconf 83' lang='lat' dir='ltr'>vir·,</span> 
     </span>
     <span class='ocr_line' id='line_1_9' title="bbox 130 1049 1076 1134; baseline 0.01 -31"><span class='ocrx_word' id='word_1_64' title='bbox 130 1053 189 1134; x_wconf 83' lang='lat' dir='ltr'>tute</span> <span class='ocrx_word' id='word_1_65' title='bbox 208 1049 237 1106; x_wconf 92' lang='lat' dir='ltr'>in</span> <span class='ocrx_word' id='word_1_66' title='bbox 257 1052 453 1128; x_wconf 85' lang='lat' dir='ltr'>obsequendo,</span> <span class='ocrx_word' id='word_1_67' title='bbox 467 1052 641 1110; x_wconf 72' lang='lat' dir='ltr'>verecundia</span> <span class='ocrx_word' id='word_1_68' title='bbox 659 1053 689 1110; x_wconf 90' lang='lat' dir='ltr'>iu</span> <span class='ocrx_word' id='word_1_69' title='bbox 708 1051 900 1128; x_wconf 80' lang='lat' dir='ltr'>predicando,</span> <span class='ocrx_word' id='word_1_70' title='bbox 913 1052 1076 1118; x_wconf 62' lang='lat' dir='ltr'>mimia-2</span> 
     </span>
     <span class='ocr_line' id='line_1_10' title="bbox 130 1125 1070 1204; baseline 0.012 -24"><span class='ocrx_word' id='word_1_71' title='bbox 130 1125 233 1184; x_wconf 85' lang='lat' dir='ltr'>vidium</span> <span class='ocrx_word' id='word_1_72' title='bbox 246 1147 300 1186; x_wconf 86' lang='lat' dir='ltr'>nec</span> <span class='ocrx_word' id='word_1_73' title='bbox 314 1136 395 1188; x_wconf 82' lang='lat' dir='ltr'>extra</span> <span class='ocrx_word' id='word_1_74' title='bbox 407 1129 524 1204; x_wconf 78' lang='lat' dir='ltr'>gloriam</span> <span class='ocrx_word' id='word_1_75' title='bbox 537 1136 607 1187; x_wconf 87' lang='lat' dir='ltr'>arat.</span> <span class='ocrx_word' id='word_1_76' title='bbox 1063 1143 1070 1150; x_wconf 82' lang='grc'><em>·</em></span> 
     </span>
    </p>

    <p class='ocr_par' dir='ltr' id='par_1_3' title="bbox 130 1203 1117 1981">
     <span class='ocr_line' id='line_1_11' title="bbox 170 1203 1117 1282; baseline 0.004 -22"><span class='ocrx_word' id='word_1_77' title='bbox 170 1203 220 1262; x_wconf 84' lang='grc' dir='ltr'>ΙΧ.</span> <span class='ocrx_word' id='word_1_78' title='bbox 244 1205 451 1266; x_wconf 72' lang='lat' dir='ltr'>Revertentem</span> <span class='ocrx_word' id='word_1_79' title='bbox 468 1207 502 1264; x_wconf 90' lang='lat' dir='ltr'>ab</span> <span class='ocrx_word' id='word_1_80' title='bbox 520 1207 659 1280; x_wconf 74' lang='lat' dir='ltr'>legatione</span> <span class='ocrx_word' id='word_1_81' title='bbox 672 1207 789 1282; x_wconf 72' lang='lat' dir='ltr'><strong>legionis</strong></span> <span class='ocrx_word' id='word_1_82' title='bbox 802 1207 884 1275; x_wconf 80' lang='lat' dir='ltr'>divus</span> <span class='ocrx_word' id='word_1_83' title='bbox 898 1205 1052 1280; x_wconf 85' lang='lat' dir='ltr'>Vespasia·</span> <span class='ocrx_word' id='word_1_84' title='bbox 1116 1203 1117 1228; x_wconf 64' lang='lat'>¹</span> 
     </span>
     <span class='ocr_line' id='line_1_12' title="bbox 132 1283 1052 1359; baseline 0.002 -21"><span class='ocrx_word' id='word_1_85' title='bbox 132 1299 183 1340; x_wconf 88' lang='lat' dir='ltr'>nus</span> <span class='ocrx_word' id='word_1_86' title='bbox 197 1283 272 1345; x_wconf 84' lang='lat' dir='ltr'>inter</span> <span class='ocrx_word' id='word_1_87' title='bbox 285 1285 418 1359; x_wconf 87' lang='lat' dir='ltr'>patricios</span> <span class='ocrx_word' id='word_1_88' title='bbox 430 1284 557 1354; x_wconf 75' lang='lat' dir='ltr'>adscivit,</span> <span class='ocrx_word' id='word_1_89' title='bbox 567 1303 599 1341; x_wconf 90' lang='lat' dir='ltr'>ac</span> <span class='ocrx_word' id='word_1_90' title='bbox 610 1283 712 1344; x_wconf 86' lang='lat' dir='ltr'>deinde</span> <span class='ocrx_word' id='word_1_91' title='bbox 724 1284 879 1359; x_wconf 73' lang='lat' dir='ltr'>provincie</span> <span class='ocrx_word' id='word_1_92' title='bbox 890 1283 1052 1358; x_wconf 72' lang='lat' dir='ltr'>Aquitaniae</span> 
     </span>
     <span class='ocr_line' id='line_1_13' title="bbox 131 1361 1053 1438; baseline 0.002 -20"><span class='ocrx_word' id='word_1_93' title='bbox 131 1363 298 1436; x_wconf 72' lang='lat' dir='ltr'>preposuit,</span> <span class='ocrx_word' id='word_1_94' title='bbox 312 1362 467 1437; x_wconf 72' lang='lat' dir='ltr'>splendidae</span> <span class='ocrx_word' id='word_1_95' title='bbox 482 1361 510 1417; x_wconf 91' lang='lat' dir='ltr'>in</span> <span class='ocrx_word' id='word_1_96' title='bbox 530 1362 627 1438; x_wconf 87' lang='lat' dir='ltr'>primis</span> <span class='ocrx_word' id='word_1_97' title='bbox 647 1362 805 1436; x_wconf 76' lang='lat' dir='ltr'>dignitatis,</span> <span class='ocrx_word' id='word_1_98' title='bbox 811 1361 1053 1420; x_wconf 83' lang='lat' dir='ltr'>administratione</span> 
     </span>
     <span class='ocr_line' id='line_1_14' title="bbox 132 1438 1052 1514; baseline 0.004 -20"><span class='ocrx_word' id='word_1_99' title='bbox 132 1456 165 1495; x_wconf 92' lang='lat' dir='ltr'>ac</span> <span class='ocrx_word' id='word_1_100' title='bbox 178 1455 230 1512; x_wconf 87' lang='lat' dir='ltr'>spe</span> <span class='ocrx_word' id='word_1_101' title='bbox 249 1440 420 1507; x_wconf 74' lang='lat' dir='ltr'>consulatus,</span> <span class='ocrx_word' id='word_1_102' title='bbox 434 1439 480 1496; x_wconf 92' lang='lat' dir='ltr'>cui</span> <span class='ocrx_word' id='word_1_103' title='bbox 492 1438 654 1496; x_wconf 79' lang='lat' dir='ltr'>destinarat.</span> <span class='ocrx_word' id='word_1_104' title='bbox 697 1439 826 1496; x_wconf 87' lang='lat' dir='ltr'>Credunt</span> <span class='ocrx_word' id='word_1_105' title='bbox 838 1439 980 1514; x_wconf 75' lang='lat' dir='ltr'>plerique,</span> <span class='ocrx_word' id='word_1_106' title='bbox 994 1439 1052 1498; x_wconf 88' lang='lat' dir='ltr'>mi·</span> 
     </span>
     <span class='ocr_line' id='line_1_15' title="bbox 130 1513 1052 1592; baseline 0.003 -21"><span class='ocrx_word' id='word_1_107' title='bbox 130 1513 259 1574; x_wconf 87' lang='lat' dir='ltr'>litaribus</span> <span class='ocrx_word' id='word_1_108' title='bbox 273 1517 390 1590; x_wconf 87' lang='lat' dir='ltr'>ingeniis</span> <span class='ocrx_word' id='word_1_109' title='bbox 403 1516 584 1574; x_wconf 70' lang='lat' dir='ltr'>subtilitatem</span> <span class='ocrx_word' id='word_1_110' title='bbox 596 1517 694 1586; x_wconf 82' lang='lat' dir='ltr'>deese,</span> <span class='ocrx_word' id='word_1_111' title='bbox 709 1518 775 1592; x_wconf 86' lang='lat' dir='ltr'>qiiia</span> <span class='ocrx_word' id='word_1_112' title='bbox 794 1517 944 1574; x_wconf 80' lang='lat' dir='ltr'>castrensis</span> <span class='ocrx_word' id='word_1_113' title='bbox 957 1516 1052 1590; x_wconf 83' lang='lat' dir='ltr'>juris·</span> 
     </span>
     <span class='ocr_line' id='line_1_16' title="bbox 131 1591 1055 1670; baseline 0.003 -21"><span class='ocrx_word' id='word_1_114' title='bbox 131 1591 216 1650; x_wconf 84' lang='lat' dir='ltr'>dictio</span> <span class='ocrx_word' id='word_1_115' title='bbox 223 1591 331 1652; x_wconf 76' lang='lat' dir='ltr'>&#39;secura</span> <span class='ocrx_word' id='word_1_116' title='bbox 343 1601 373 1652; x_wconf 89' lang='lat' dir='ltr'>et</span> <span class='ocrx_word' id='word_1_117' title='bbox 387 1593 523 1662; x_wconf 82' lang='lat' dir='ltr'>obtusior,¹</span> <span class='ocrx_word' id='word_1_118' title='bbox 532 1613 564 1652; x_wconf 90' lang='lat' dir='ltr'>ac</span> <span class='ocrx_word' id='word_1_119' title='bbox 575 1595 658 1669; x_wconf 87' lang='lat' dir='ltr'>plura</span> <span class='ocrx_word' id='word_1_120' title='bbox 670 1613 754 1652; x_wconf 88' lang='lat' dir='ltr'>mauu</span> <span class='ocrx_word' id='word_1_121' title='bbox 764 1613 859 1670; x_wconf 84' lang='lat' dir='ltr'>agens,</span> <span class='ocrx_word' id='word_1_122' title='bbox 867 1593 1055 1652; x_wconf 79' lang='lat' dir='ltr'>calliditatem</span> 
     </span>
     <span class='ocr_line' id='line_1_17' title="bbox 131 1667 1057 1746; baseline 0.008 -21"><span class='ocrx_word' id='word_1_123' title='bbox 131 1667 185 1726; x_wconf 86' lang='lat' dir='ltr'>lori</span> <span class='ocrx_word' id='word_1_124' title='bbox 198 1687 254 1728; x_wconf 90' lang='lat' dir='ltr'>nou</span> <span class='ocrx_word' id='word_1_125' title='bbox 267 1678 411 1729; x_wconf 87' lang='lat' dir='ltr'>exerceat.</span> <span class='ocrx_word' id='word_1_126' title='bbox 452 1671 586 1744; x_wconf 81' lang='lat' dir='ltr'>Agricola</span> <span class='ocrx_word' id='word_1_127' title='bbox 607 1672 726 1730; x_wconf 88' lang='lat' dir='ltr'>naturali</span> <span class='ocrx_word' id='word_1_128' title='bbox 747 1671 907 1746; x_wconf 77' lang='lat' dir='ltr'>prudentii,</span> <span class='ocrx_word' id='word_1_129' title='bbox 920 1671 1057 1746; x_wconf 73' lang='lat' dir='ltr'>quamvis</span> 
     </span>
     <span class='ocr_line' id='line_1_18' title="bbox 130 1745 1055 1824; baseline 0.006 -22"><span class='ocrx_word' id='word_1_130' title='bbox 130 1745 205 1810; x_wconf 84' lang='lat' dir='ltr'>inter</span> <span class='ocrx_word' id='word_1_131' title='bbox 217 1753 334 1821; x_wconf 85' lang='lat' dir='ltr'>togatos,</span> <span class='ocrx_word' id='word_1_132' title='bbox 348 1746 430 1804; x_wconf 81' lang='lat' dir='ltr'>facile</span> <span class='ocrx_word' id='word_1_133' title='bbox 447 1748 581 1824; x_wconf 78' lang='lat' dir='ltr'>justeque</span> <span class='ocrx_word' id='word_1_134' title='bbox 602 1749 710 1823; x_wconf 88' lang='lat' dir='ltr'>agebat.</span> <span class='ocrx_word' id='word_1_135' title='bbox 751 1749 816 1806; x_wconf 88' lang='lat' dir='ltr'>Jain</span> <span class='ocrx_word' id='word_1_136' title='bbox 832 1751 906 1808; x_wconf 73' lang='lat' dir='ltr'>vero</span> <span class='ocrx_word' id='word_1_137' title='bbox 918 1757 1055 1824; x_wconf 84' lang='lat' dir='ltr'>tempora</span> 
     </span>
     <span class='ocr_line' id='line_1_19' title="bbox 131 1825 1054 1902; baseline 0.004 -22"><span class='ocrx_word' id='word_1_138' title='bbox 131 1839 263 1882; x_wconf 85' lang='lat' dir='ltr'>curarum</span> <span class='ocrx_word' id='word_1_139' title='bbox 277 1825 530 1901; x_wconf 84' lang='lat' dir='ltr'>remissionumque</span> <span class='ocrx_word' id='word_1_140' title='bbox 551 1826 659 1886; x_wconf 78' lang='lat' dir='ltr'>divisa:</span> <span class='ocrx_word' id='word_1_141' title='bbox 682 1827 730 1887; x_wconf 91' lang='lat' dir='ltr'>ubi</span> <span class='ocrx_word' id='word_1_142' title='bbox 751 1835 907 1886; x_wconf 85' lang='lat' dir='ltr'>conventus</span> <span class='ocrx_word' id='word_1_143' title='bbox 920 1845 951 1884; x_wconf 89' lang='lat' dir='ltr'>ac</span> <span class='ocrx_word' id='word_1_144' title='bbox 969 1827 1054 1902; x_wconf 88' lang='lat' dir='ltr'>judi·</span> 
     </span>
     <span class='ocr_line' id='line_1_20' title="bbox 130 1900 1056 1981; baseline 0.009 -25"><span class='ocrx_word' id='word_1_145' title='bbox 130 1900 175 1958; x_wconf 87' lang='lat' dir='ltr'>cia</span> <span class='ocrx_word' id='word_1_146' title='bbox 195 1911 357 1978; x_wconf 88' lang='lat' dir='ltr'>poscerent,</span> <span class='ocrx_word' id='word_1_147' title='bbox 376 1905 482 1978; x_wconf 87' lang='lat' dir='ltr'>gravis,</span> <span class='ocrx_word' id='word_1_148' title='bbox 496 1905 629 1974; x_wconf 86' lang='lat' dir='ltr'>intentus,</span> <span class='ocrx_word' id='word_1_149' title='bbox 643 1924 773 1974; x_wconf 81' lang='lat' dir='ltr'>severus,</span> <span class='ocrx_word' id='word_1_150' title='bbox 787 1917 816 1964; x_wconf 89' lang='lat' dir='ltr'>et</span> <span class='ocrx_word' id='word_1_151' title='bbox 837 1906 940 1981; x_wconf 76' lang='lat' dir='ltr'>saepius</span> <span class='ocrx_word' id='word_1_152' title='bbox 961 1905 1056 1964; x_wconf 83' lang='lat' dir='ltr'>mise-</span> 
     </span>
    </p>

    <p class='ocr_par' dir='ltr' id='par_1_4' title="bbox 118 1977 1054 2059">
     <span class='ocr_line' id='line_1_21' title="bbox 118 1977 1054 2059; baseline 0.002 -21"><span class='ocrx_word' id='word_1_153' title='bbox 118 1977 240 2040; x_wconf 73' lang='lat' dir='ltr'>ricors:</span> <span class='ocrx_word' id='word_1_154' title='bbox 264 1982 310 2040; x_wconf 92' lang='lat' dir='ltr'>ubi</span> <span class='ocrx_word' id='word_1_155' title='bbox 330 1981 422 2046; x_wconf 84' lang='lat' dir='ltr'>officio</span> <span class='ocrx_word' id='word_1_156' title='bbox 446 1982 626 2052; x_wconf 80' lang='lat' dir='ltr'>satisfactum,</span> <span class='ocrx_word' id='word_1_157' title='bbox 640 1984 717 2040; x_wconf 88' lang='lat' dir='ltr'>nulla</span> <span class='ocrx_word' id='word_1_158' title='bbox 735 1986 809 2042; x_wconf 78' lang='lat' dir='ltr'>ultra</span> <span class='ocrx_word' id='word_1_159' title='bbox 822 1983 964 2059; x_wconf 87' lang='lat' dir='ltr'>potestatis</span> <span class='ocrx_word' id='word_1_160' title='bbox 980 2001 1054 2058; x_wconf 87' lang='lat' dir='ltr'>per-</span> 
     </span>
    </p>

    <p class='ocr_par' dir='ltr' id='par_1_5' title="bbox 131 2060 1053 2136">
     <span class='ocr_line' id='line_1_22' title="bbox 131 2060 1053 2136; baseline 0.009 -23"><span class='ocrx_word' id='word_1_161' title='bbox 131 2072 222 2115; x_wconf 86' lang='lat' dir='ltr'>sona:</span> <span class='ocrx_word' id='word_1_162' title='bbox 246 2060 396 2131; x_wconf 87' lang='lat' dir='ltr'>tristitiam,</span> <span class='ocrx_word' id='word_1_163' title='bbox 418 2070 447 2120; x_wconf 89' lang='lat' dir='ltr'>et</span> <span class='ocrx_word' id='word_1_164' title='bbox 465 2061 661 2136; x_wconf 80' lang='lat' dir='ltr'>arrogantiam,</span> <span class='ocrx_word' id='word_1_165' title='bbox 684 2069 713 2120; x_wconf 90' lang='lat' dir='ltr'>et</span> <span class='ocrx_word' id='word_1_166' title='bbox 733 2063 878 2120; x_wconf 85' lang='lat' dir='ltr'>avaritiam</span> <span class='ocrx_word' id='word_1_167' title='bbox 902 2069 1053 2121; x_wconf 80' lang='lat' dir='ltr'>eruerat:</span> 
     </span>
    </p>

    <p class='ocr_par' dir='ltr' id='par_1_6' title="bbox 10 2135 1054 2228">
     <span class='ocr_line' id='line_1_23' title="bbox 10 2135 1054 2228; baseline -0.011 -22"><span class='ocrx_word' id='word_1_168' title='bbox 10 2183 12 2186; x_wconf 94' lang='lat'>-</span> <span class='ocrx_word' id='word_1_169' title='bbox 104 2135 619 2228; x_wconf 43' lang='lat' dir='ltr'>Qffiaamum,</span> <span class='ocrx_word' id='word_1_170' title='bbox 633 2147 687 2200; x_wconf 72' lang='lat' dir='ltr'>aut</span> <span class='ocrx_word' id='word_1_171' title='bbox 700 2139 819 2200; x_wconf 80' lang='lat' dir='ltr'>facilitas</span> <span class='ocrx_word' id='word_1_172' title='bbox 842 2139 1054 2210; x_wconf 79' lang='lat' dir='ltr'>auctoritatem,</span> 
     </span>
    </p>

    <p class='ocr_par' dir='ltr' id='par_1_7' title="bbox 131 2217 1055 2298">
     <span class='ocr_line' id='line_1_24' title="bbox 131 2217 1055 2298; baseline -0.009 -18"><span class='ocrx_word' id='word_1_173' title='bbox 131 2240 177 2292; x_wconf 72' lang='lat' dir='ltr'>aut</span> <span class='ocrx_word' id='word_1_174' title='bbox 196 2231 334 2298; x_wconf 60' lang='lat' dir='ltr'>sevenftae</span> <span class='ocrx_word' id='word_1_175' title='bbox 352 2244 496 2293; x_wconf 47' lang='lat' dir='ltr'>,aaronem</span> <span class='ocrx_word' id='word_1_176' title='bbox 505 2222 654 2284; x_wconf 72' lang='lat' dir='ltr'>deminuit,</span> <span class='ocrx_word' id='word_1_177' title='bbox 693 2219 883 2295; x_wconf 84' lang='lat' dir='ltr'>integritatem</span> <span class='ocrx_word' id='word_1_178' title='bbox 901 2223 986 2291; x_wconf 89' lang='lat' dir='ltr'>atque</span> <span class='ocrx_word' id='word_1_179' title='bbox 1001 2217 1055 2272; x_wconf 90' lang='lat' dir='ltr'>ab·</span> 
     </span>
    </p>

    <p class='ocr_par' dir='ltr' id='par_1_8' title="bbox 130 2293 1058 2375">
     <span class='ocr_line' id='line_1_25' title="bbox 130 2293 1058 2375; baseline -0.018 -7"><span class='ocrx_word' id='word_1_180' title='bbox 130 2308 325 2368; x_wconf 81' lang='lat' dir='ltr'>atinentiaioiu</span> <span class='ocrx_word' id='word_1_181' title='bbox 335 2313 410 2363; x_wconf 85' lang='lat' dir='ltr'>tanto</span> <span class='ocrx_word' id='word_1_182' title='bbox 422 2304 484 2360; x_wconf 88' lang='lat' dir='ltr'>viro</span> <span class='ocrx_word' id='word_1_183' title='bbox 494 2302 617 2369; x_wconf 84' lang='lat' dir='ltr'>referre,</span> <span class='ocrx_word' id='word_1_184' title='bbox 628 2299 729 2375; x_wconf 85' lang='lat' dir='ltr'>injurio</span> <span class='ocrx_word' id='word_1_185' title='bbox 739 2299 874 2357; x_wconf 88' lang='lat' dir='ltr'>virtutem</span> <span class='ocrx_word' id='word_1_186' title='bbox 883 2293 978 2352; x_wconf 80' lang='lat' dir='ltr'>suerit.</span> <span class='ocrx_word' id='word_1_187' title='bbox 1003 2293 1058 2352; x_wconf 85' lang='lat' dir='ltr'>Ne</span> 
     </span>
    </p>

    <p class='ocr_par' dir='ltr' id='par_1_9' title="bbox 131 2373 1057 2460">
     <span class='ocr_line' id='line_1_26' title="bbox 131 2373 1057 2460; baseline -0.012 -17"><span class='ocrx_word' id='word_1_188' title='bbox 131 2385 232 2443; x_wconf 81' lang='lat' dir='ltr'>samam</span> <span class='ocrx_word' id='word_1_189' title='bbox 246 2383 369 2460; x_wconf 88' lang='lat' dir='ltr'>quidem,</span> <span class='ocrx_word' id='word_1_190' title='bbox 383 2381 429 2438; x_wconf 88' lang='lat' dir='ltr'>cui</span> <span class='ocrx_word' id='word_1_191' title='bbox 443 2381 527 2438; x_wconf 89' lang='lat' dir='ltr'>etiam</span> <span class='ocrx_word' id='word_1_192' title='bbox 541 2397 619 2452; x_wconf 80' lang='lat' dir='ltr'>saepe</span> <span class='ocrx_word' id='word_1_193' title='bbox 633 2377 699 2436; x_wconf 90' lang='lat' dir='ltr'>boni</span> <span class='ocrx_word' id='word_1_194' title='bbox 715 2377 871 2449; x_wconf 83' lang='lat' dir='ltr'>indulgent,</span> <span class='ocrx_word' id='word_1_195' title='bbox 885 2373 1057 2432; x_wconf 77' lang='lat' dir='ltr'>ostentanda</span> 
     </span>
    </p>

    <p class='ocr_par' dir='ltr' id='par_1_10' title="bbox 131 2449 1058 2534">
     <span class='ocr_line' id='line_1_27' title="bbox 131 2449 1058 2534; baseline -0.014 -13"><span class='ocrx_word' id='word_1_196' title='bbox 131 2464 247 2530; x_wconf 87' lang='lat' dir='ltr'>virtute,</span> <span class='ocrx_word' id='word_1_197' title='bbox 261 2467 309 2518; x_wconf 89' lang='lat' dir='ltr'>aut</span> <span class='ocrx_word' id='word_1_198' title='bbox 331 2461 386 2534; x_wconf 87' lang='lat' dir='ltr'>per</span> <span class='ocrx_word' id='word_1_199' title='bbox 408 2465 499 2516; x_wconf 87' lang='lat' dir='ltr'>artem</span> <span class='ocrx_word' id='word_1_200' title='bbox 522 2455 672 2530; x_wconf 79' lang='lat' dir='ltr'>quesivit:</span> <span class='ocrx_word' id='word_1_201' title='bbox 694 2454 796 2530; x_wconf 88' lang='lat' dir='ltr'>procul</span> <span class='ocrx_word' id='word_1_202' title='bbox 817 2453 852 2510; x_wconf 84' lang='lat' dir='ltr'>ab</span> <span class='ocrx_word' id='word_1_203' title='bbox 872 2449 1058 2508; x_wconf 72' lang='lat' dir='ltr'>emulatione</span> 
     </span>
    </p>

    <p class='ocr_par' dir='ltr' id='par_1_11' title="bbox 133 2530 1056 2614">
     <span class='ocr_line' id='line_1_28' title="bbox 133 2530 1056 2614; baseline -0.014 -15"><span class='ocrx_word' id='word_1_204' title='bbox 133 2541 266 2599; x_wconf 75' lang='lat' dir='ltr'>adversus</span> <span class='ocrx_word' id='word_1_205' title='bbox 279 2538 412 2611; x_wconf 85' lang='lat' dir='ltr'>collegas,</span> <span class='ocrx_word' id='word_1_206' title='bbox 426 2535 527 2610; x_wconf 87' lang='lat' dir='ltr'>procul</span> <span class='ocrx_word' id='word_1_207' title='bbox 541 2535 557 2588; x_wconf 74' lang='lat' dir='ltr'>a</span> <span class='ocrx_word' id='word_1_208' title='bbox 570 2533 750 2590; x_wconf 86' lang='lat' dir='ltr'>contentione</span> <span class='ocrx_word' id='word_1_209' title='bbox 765 2530 899 2588; x_wconf 78' lang='lat' dir='ltr'>adversim</span> <span class='ocrx_word' id='word_1_210' title='bbox 912 2545 1056 2614; x_wconf 84' lang='lat' dir='ltr'>procura-</span> 
     </span>
    </p>

    <p class='ocr_par' dir='ltr' id='par_1_12' title="bbox 133 2606 1058 2688">
     <span class='ocr_line' id='line_1_29' title="bbox 133 2606 1058 2688; baseline -0.016 -11"><span class='ocrx_word' id='word_1_211' title='bbox 133 2627 210 2678; x_wconf 76' lang='lat' dir='ltr'>tores</span> <span class='ocrx_word' id='word_1_212' title='bbox 223 2641 230 2676; x_wconf 75' lang='grc' dir='ltr'><strong><em>ε</em></strong></span> <span class='ocrx_word' id='word_1_213' title='bbox 253 2623 282 2674; x_wconf 89' lang='lat' dir='ltr'>et</span> <span class='ocrx_word' id='word_1_214' title='bbox 295 2616 413 2674; x_wconf 86' lang='lat' dir='ltr'>vincere</span> <span class='ocrx_word' id='word_1_215' title='bbox 424 2612 584 2686; x_wconf 83' lang='lat' dir='ltr'>inglorium,</span> <span class='ocrx_word' id='word_1_216' title='bbox 598 2618 627 2668; x_wconf 88' lang='lat' dir='ltr'>et</span> <span class='ocrx_word' id='word_1_217' title='bbox 640 2609 723 2668; x_wconf 86' lang='lat' dir='ltr'>atteri</span> <span class='ocrx_word' id='word_1_218' title='bbox 731 2609 886 2688; x_wconf 76' lang='lat' dir='ltr'>sordidum,</span> <span class='ocrx_word' id='word_1_219' title='bbox 897 2606 1058 2665; x_wconf 82' lang='lat' dir='ltr'>arbitraba-</span> 
     </span>
    </p>

    <p class='ocr_par' dir='ltr' id='par_1_13' title="bbox 133 2683 1059 2762">
     <span class='ocr_line' id='line_1_30' title="bbox 133 2683 1059 2762; baseline -0.018 -8"><span class='ocrx_word' id='word_1_220' title='bbox 133 2701 188 2754; x_wconf 88' lang='lat' dir='ltr'>tur.</span> <span class='ocrx_word' id='word_1_221' title='bbox 230 2695 323 2753; x_wconf 81' lang='lat' dir='ltr'>Miurls</span> <span class='ocrx_word' id='word_1_222' title='bbox 343 2692 494 2751; x_wconf 88' lang='lat' dir='ltr'>triennium</span> <span class='ocrx_word' id='word_1_223' title='bbox 515 2691 544 2746; x_wconf 89' lang='lat' dir='ltr'>iri</span> <span class='ocrx_word' id='word_1_224' title='bbox 557 2690 591 2748; x_wconf 72' lang='lat' dir='ltr'>ed</span> <span class='ocrx_word' id='word_1_225' title='bbox 605 2688 744 2762; x_wconf 85' lang='lat' dir='ltr'>legatione</span> <span class='ocrx_word' id='word_1_226' title='bbox 758 2687 900 2752; x_wconf 87' lang='lat' dir='ltr'>detentus,</span> <span class='ocrx_word' id='word_1_227' title='bbox 913 2701 945 2740; x_wconf 85' lang='lat' dir='ltr'>ac</span> <span class='ocrx_word' id='word_1_228' title='bbox 958 2683 1059 2745; x_wconf 86' lang='lat' dir='ltr'>statim</span> 
     </span>
    </p>

    <p class='ocr_par' dir='ltr' id='par_1_14' title="bbox 60 2759 1057 2850">
     <span class='ocr_line' id='line_1_31' title="bbox 60 2759 1057 2850; baseline -0.015 -17"><span class='ocrx_word' id='word_1_229' title='bbox 60 2781 65 2788; x_wconf 81' lang='grc'><em>“</em></span> <span class='ocrx_word' id='word_1_230' title='bbox 134 2775 169 2832; x_wconf 85' lang='lat' dir='ltr'>ad</span> <span class='ocrx_word' id='word_1_231' title='bbox 179 2793 259 2850; x_wconf 88' lang='lat' dir='ltr'>spem</span> <span class='ocrx_word' id='word_1_232' title='bbox 273 2772 431 2831; x_wconf 74' lang='lat' dir='ltr'>consulatis</span> <span class='ocrx_word' id='word_1_233' title='bbox 444 2775 594 2828; x_wconf 86' lang='lat' dir='ltr'>revocatus</span> <span class='ocrx_word' id='word_1_234' title='bbox 605 2773 658 2833; x_wconf 86' lang='lat' dir='ltr'>est,</span> <span class='ocrx_word' id='word_1_235' title='bbox 669 2765 818 2822; x_wconf 88' lang='lat' dir='ltr'>comitante</span> <span class='ocrx_word' id='word_1_236' title='bbox 832 2759 1057 2846; x_wconf 32' lang='lat' dir='ltr'>opinione,&#39;Bri-</span> 
     </span>
    </p>

    <p class='ocr_par' dir='ltr' id='par_1_15' title="bbox 134 2837 1058 2926">
     <span class='ocr_line' id='line_1_32' title="bbox 134 2837 1058 2926; baseline -0.018 -15"><span class='ocrx_word' id='word_1_237' title='bbox 134 2853 254 2911; x_wconf 86' lang='lat' dir='ltr'>tanuiam</span> <span class='ocrx_word' id='word_1_238' title='bbox 268 2852 295 2910; x_wconf 89' lang='lat' dir='ltr'>ei</span> <span class='ocrx_word' id='word_1_239' title='bbox 304 2847 482 2926; x_wconf 87' lang='lat' dir='ltr'>provinciam</span> <span class='ocrx_word' id='word_1_240' title='bbox 493 2845 552 2902; x_wconf 88' lang='lat' dir='ltr'>dari</span> <span class='ocrx_word' id='word_1_241' title='bbox 565 2867 572 2914; x_wconf 78' lang='lat'>3</span> <span class='ocrx_word' id='word_1_242' title='bbox 594 2844 677 2900; x_wconf 89' lang='lat' dir='ltr'>nullis</span> <span class='ocrx_word' id='word_1_243' title='bbox 688 2843 716 2898; x_wconf 91' lang='lat' dir='ltr'>iu</span> <span class='ocrx_word' id='word_1_244' title='bbox 728 2843 783 2897; x_wconf 89' lang='lat' dir='ltr'>hoc</span> <span class='ocrx_word' id='word_1_245' title='bbox 791 2841 851 2896; x_wconf 81' lang='lat' dir='ltr'>ouis</span> <span class='ocrx_word' id='word_1_246' title='bbox 862 2837 1058 2909; x_wconf 71' lang='lat' dir='ltr'>senmourmae,</span> 
     </span>
    </p>

    <p class='ocr_par' dir='ltr' id='par_1_16' title="bbox 134 2913 1058 3006">
     <span class='ocr_line' id='line_1_33' title="bbox 134 2913 1058 3006; baseline -0.013 -20"><span class='ocrx_word' id='word_1_247' title='bbox 134 2930 185 2987; x_wconf 84' lang='lat' dir='ltr'>sed</span> <span class='ocrx_word' id='word_1_248' title='bbox 199 2929 264 3006; x_wconf 91' lang='lat' dir='ltr'>quia</span> <span class='ocrx_word' id='word_1_249' title='bbox 277 2947 328 3004; x_wconf 89' lang='lat' dir='ltr'>par</span> <span class='ocrx_word' id='word_1_250' title='bbox 341 2916 489 2984; x_wconf 86' lang='lat' dir='ltr'>videbatur</span> <span class='ocrx_word' id='word_1_251' title='bbox 502 2923 577 2978; x_wconf 88' lang='lat' dir='ltr'>haud</span> <span class='ocrx_word' id='word_1_252' title='bbox 590 2939 704 2994; x_wconf 84' lang='lat' dir='ltr'>semper</span> <span class='ocrx_word' id='word_1_253' title='bbox 719 2925 796 2979; x_wconf 87' lang='lat' dir='ltr'>errat</span> <span class='ocrx_word' id='word_1_254' title='bbox 808 2915 892 2982; x_wconf 85' lang='lat' dir='ltr'>lama,</span> <span class='ocrx_word' id='word_1_255' title='bbox 903 2913 1058 3001; x_wconf 80' lang='lat' dir='ltr'>aliquando</span> 
     </span>
    </p>

    <p class='ocr_par' dir='ltr' id='par_1_17' title="bbox 98 2991 1057 3081">
     <span class='ocr_line' id='line_1_34' title="bbox 98 2991 1057 3081; baseline -0.017 -17"><span class='ocrx_word' id='word_1_256' title='bbox 98 3069 101 3076; x_wconf 60' lang='grc'><em>,</em></span> <span class='ocrx_word' id='word_1_257' title='bbox 135 3013 164 3064; x_wconf 87' lang='lat' dir='ltr'>et</span> <span class='ocrx_word' id='word_1_258' title='bbox 177 3006 270 3081; x_wconf 87' lang='lat' dir='ltr'>elegit.</span> <span class='ocrx_word' id='word_1_259' title='bbox 312 3003 421 3062; x_wconf 85' lang='lat' dir='ltr'>Consul</span> <span class='ocrx_word' id='word_1_260' title='bbox 433 3001 546 3076; x_wconf 85' lang='lat' dir='ltr'>egregia</span> <span class='ocrx_word' id='word_1_261' title='bbox 558 3000 615 3056; x_wconf 77' lang='lat' dir='ltr'>tam</span> <span class='ocrx_word' id='word_1_262' title='bbox 626 2998 688 3072; x_wconf 84' lang='lat' dir='ltr'>spei</span> <span class='ocrx_word' id='word_1_263' title='bbox 699 2995 783 3052; x_wconf 88' lang='lat' dir='ltr'>filiam</span> <span class='ocrx_word' id='word_1_264' title='bbox 792 2992 894 3068; x_wconf 89' lang='lat' dir='ltr'>juveni</span> <span class='ocrx_word' id='word_1_265' title='bbox 905 2991 974 3078; x_wconf 73' lang='lat' dir='ltr'>mihi</span> <span class='ocrx_word' id='word_1_266' title='bbox 987 2991 1057 3078; x_wconf 81' lang='lat' dir='ltr'>des-</span> 
     </span>
    </p>

    <p class='ocr_par' dir='ltr' id='par_1_18' title="bbox 136 3067 1058 3238">
     <span class='ocr_line' id='line_1_35' title="bbox 136 3067 1058 3160; baseline -0.015 -18"><span class='ocrx_word' id='word_1_267' title='bbox 136 3085 244 3160; x_wconf 88' lang='lat' dir='ltr'>pondit,</span> <span class='ocrx_word' id='word_1_268' title='bbox 258 3103 290 3140; x_wconf 90' lang='lat' dir='ltr'>ac</span> <span class='ocrx_word' id='word_1_269' title='bbox 303 3090 368 3158; x_wconf 87' lang='lat' dir='ltr'>post</span> <span class='ocrx_word' id='word_1_270' title='bbox 381 3081 556 3139; x_wconf 87' lang='lat' dir='ltr'>consulatum</span> <span class='ocrx_word' id='word_1_271' title='bbox 569 3075 729 3140; x_wconf 88' lang='lat' dir='ltr'>collocavit,</span> <span class='ocrx_word' id='word_1_272' title='bbox 743 3079 773 3128; x_wconf 89' lang='lat' dir='ltr'>et</span> <span class='ocrx_word' id='word_1_273' title='bbox 785 3071 877 3128; x_wconf 88' lang='lat' dir='ltr'>statim</span> <span class='ocrx_word' id='word_1_274' title='bbox 898 3067 1058 3128; x_wconf 65' lang='lat' dir='ltr'>Britannice</span> 
     </span>
     <span class='ocr_line' id='line_1_36' title="bbox 136 3149 997 3238; baseline -0.019 -19"><span class='ocrx_word' id='word_1_275' title='bbox 136 3162 304 3238; x_wconf 70' lang='lat' dir='ltr'>prepositus</span> <span class='ocrx_word' id='word_1_276' title='bbox 319 3167 372 3226; x_wconf 87' lang='lat' dir='ltr'>est,</span> <span class='ocrx_word' id='word_1_277' title='bbox 386 3159 495 3233; x_wconf 77' lang='lat' dir='ltr'>adjecto</span> <span class='ocrx_word' id='word_1_278' title='bbox 509 3153 685 3230; x_wconf 81' lang='lat' dir='ltr'>pontificatus</span> <span class='ocrx_word' id='word_1_279' title='bbox 698 3149 868 3208; x_wconf 87' lang='lat' dir='ltr'>sacerdotio.</span> <span class='ocrx_word' id='word_1_280' title='bbox 914 3223 920 3234; x_wconf 35' lang='lat'><strong>.</strong></span> <span class='ocrx_word' id='word_1_281' title='bbox 991 3221 997 3232; x_wconf 93' lang='lat'>.</span> 
     </span>
    </p>

    <p class='ocr_par' dir='ltr' id='par_1_19' title="bbox 137 3221 1066 3682">
     <span class='ocr_line' id='line_1_37' title="bbox 176 3221 1059 3306; baseline -0.022 -10"><span class='ocrx_word' id='word_1_282' title='bbox 176 3240 212 3296; x_wconf 87' lang='grc' dir='ltr'>Χ.</span> <span class='ocrx_word' id='word_1_283' title='bbox 254 3237 407 3295; x_wconf 73' lang='lat' dir='ltr'>Britannia</span> <span class='ocrx_word' id='word_1_284' title='bbox 428 3235 511 3293; x_wconf 87' lang='lat' dir='ltr'>situm</span> <span class='ocrx_word' id='word_1_285' title='bbox 534 3231 723 3306; x_wconf 87' lang='lat' dir='ltr'>populosque,</span> <span class='ocrx_word' id='word_1_286' title='bbox 747 3225 846 3284; x_wconf 76' lang='lat' dir='ltr'>multia</span> <span class='ocrx_word' id='word_1_287' title='bbox 865 3221 1059 3297; x_wconf 79' lang='lat' dir='ltr'>scriptoribus</span> 
     </span>
     <span class='ocr_line' id='line_1_38' title="bbox 137 3298 1058 3386; baseline -0.014 -18"><span class='ocrx_word' id='word_1_288' title='bbox 137 3321 316 3382; x_wconf 87' lang='lat' dir='ltr'>memoratos,</span> <span class='ocrx_word' id='word_1_289' title='bbox 325 3332 380 3369; x_wconf 91' lang='lat' dir='ltr'>non</span> <span class='ocrx_word' id='word_1_290' title='bbox 389 3313 417 3368; x_wconf 91' lang='lat' dir='ltr'>in</span> <span class='ocrx_word' id='word_1_291' title='bbox 428 3309 667 3383; x_wconf 86' lang='lat' dir='ltr'>comparationem</span> <span class='ocrx_word' id='word_1_292' title='bbox 677 3323 755 3362; x_wconf 79' lang='lat' dir='ltr'>curm</span> <span class='ocrx_word' id='word_1_293' title='bbox 765 3301 907 3377; x_wconf 85' lang='lat' dir='ltr'>ingeniive</span> <span class='ocrx_word' id='word_1_294' title='bbox 918 3298 1058 3386; x_wconf 62' lang='lat' dir='ltr'>referam</span> 
     </span>
     <span class='ocr_line' id='line_1_39' title="bbox 137 3382 1059 3462; baseline -0.009 -23"><span class='ocrx_word' id='word_1_295' title='bbox 137 3387 187 3440; x_wconf 87' lang='lat' dir='ltr'>sed</span> <span class='ocrx_word' id='word_1_296' title='bbox 200 3389 266 3459; x_wconf 88' lang='lat' dir='ltr'>quia</span> <span class='ocrx_word' id='word_1_297' title='bbox 277 3390 335 3444; x_wconf 81' lang='lat' dir='ltr'>iam</span> <span class='ocrx_word' id='word_1_298' title='bbox 348 3388 469 3462; x_wconf 77' lang='lat' dir='ltr'>primiim</span> <span class='ocrx_word' id='word_1_299' title='bbox 481 3385 639 3458; x_wconf 88' lang='lat' dir='ltr'>perdomita</span> <span class='ocrx_word' id='word_1_300' title='bbox 652 3390 695 3439; x_wconf 91' lang='lat' dir='ltr'>est</span> <span class='ocrx_word' id='word_1_301' title='bbox 708 3403 715 3438; x_wconf 90' lang='lat'><strong>:</strong></span> <span class='ocrx_word' id='word_1_302' title='bbox 739 3382 844 3455; x_wconf 88' lang='lat' dir='ltr'>itaque,</span> <span class='ocrx_word' id='word_1_303' title='bbox 859 3395 923 3452; x_wconf 80' lang='lat' dir='ltr'>quae</span> <span class='ocrx_word' id='word_1_304' title='bbox 941 3393 1059 3451; x_wconf 80' lang='lat' dir='ltr'>priores</span> 
     </span>
     <span class='ocr_line' id='line_1_40' title="bbox 137 3451 1060 3534; baseline -0.002 -22"><span class='ocrx_word' id='word_1_305' title='bbox 137 3461 259 3514; x_wconf 90' lang='lat' dir='ltr'>nondum</span> <span class='ocrx_word' id='word_1_306' title='bbox 272 3470 427 3534; x_wconf 86' lang='lat' dir='ltr'>comperta,</span> <span class='ocrx_word' id='word_1_307' title='bbox 445 3460 608 3534; x_wconf 72' lang='lat' dir='ltr'>eloquentia</span> <span class='ocrx_word' id='word_1_308' title='bbox 621 3458 802 3534; x_wconf 71' lang='lat' dir='ltr'>percoluere,</span> <span class='ocrx_word' id='word_1_309' title='bbox 816 3471 914 3512; x_wconf 87' lang='lat' dir='ltr'>rerum</span> <span class='ocrx_word' id='word_1_310' title='bbox 926 3451 986 3508; x_wconf 89' lang='lat' dir='ltr'>fide</span> <span class='ocrx_word' id='word_1_311' title='bbox 1000 3460 1060 3510; x_wconf 77' lang='lat' dir='ltr'>tia·</span> 
     </span>
     <span class='ocr_line' id='line_1_41' title="bbox 137 3526 1062 3607; baseline 0.002 -24"><span class='ocrx_word' id='word_1_312' title='bbox 137 3526 246 3586; x_wconf 81' lang='lat' dir='ltr'>dentur.</span> <span class='ocrx_word' id='word_1_313' title='bbox 288 3535 440 3601; x_wconf 87' lang='lat' dir='ltr'>Britannia,</span> <span class='ocrx_word' id='word_1_314' title='bbox 453 3537 617 3600; x_wconf 86' lang='lat' dir='ltr'>insularum,</span> <span class='ocrx_word' id='word_1_315' title='bbox 632 3553 700 3607; x_wconf 85' lang='lat' dir='ltr'>quas</span> <span class='ocrx_word' id='word_1_316' title='bbox 722 3534 846 3592; x_wconf 89' lang='lat' dir='ltr'>Romana</span> <span class='ocrx_word' id='word_1_317' title='bbox 867 3530 966 3587; x_wconf 86' lang='lat' dir='ltr'>notitia</span> <span class='ocrx_word' id='word_1_318' title='bbox 979 3547 1062 3586; x_wconf 87' lang='lat' dir='ltr'>corn-</span> 
     </span>
     <span class='ocr_line' id='line_1_42' title="bbox 138 3595 1066 3682; baseline 0.005 -22"><span class='ocrx_word' id='word_1_319' title='bbox 138 3595 281 3664; x_wconf 72' lang='lat' dir='ltr'>aleretur.</span> <span class='ocrx_word' id='word_1_320' title='bbox 294 3609 424 3671; x_wconf 79' lang='lat' dir='ltr'>maxima,</span> <span class='ocrx_word' id='word_1_321' title='bbox 437 3610 527 3682; x_wconf 80' lang='lat' dir='ltr'>spatio</span> <span class='ocrx_word' id='word_1_322' title='bbox 541 3627 573 3675; x_wconf 83' lang='lat' dir='ltr'>ac</span> <span class='ocrx_word' id='word_1_323' title='bbox 587 3610 662 3667; x_wconf 85' lang='lat' dir='ltr'>coelo</span> <span class='ocrx_word' id='word_1_324' title='bbox 674 3611 705 3670; x_wconf 87' lang='lat' dir='ltr'>in</span> <span class='ocrx_word' id='word_1_325' title='bbox 716 3609 866 3670; x_wconf 84' lang='lat' dir='ltr'>Orientem</span> <span class='ocrx_word' id='word_1_326' title='bbox 878 3605 1066 3677; x_wconf 76' lang='lat' dir='ltr'>Germania,</span> 
     </span>
    </p>
   </div>
   <div class='ocr_carea' id='block_1_3' title="bbox 0 0 1139 3960">
    <p class='ocr_par' dir='ltr' id='par_1_20' title="bbox 0 0 1139 3960">
     <span class='ocr_line' id='line_1_43' title="bbox 0 0 1139 3960; baseline 0 0"><span class='ocrx_word' id='word_1_327' title='bbox 0 0 1139 3960; x_wconf 95' lang='lat' dir='ltr'> </span> 
     </span>
    </p>
   </div>
  </div>
 </body>
</html>
