2254 3960
83 281 101 322 n
128 283 156 324 o.
174 261 219 323 93,
405 259 625 320 omnnium.
828 277 831 286 ¹
948 261 1002 327 m

85 413 245 472 Semnones
257 417 424 470 memorent.
465 411 550 470 l'ides
563 409 744 488 antiquitrdis,
757 411 894 488 religione
908 413 1000 476 firma-

85 499 144 550 tur.
188 492 263 550 Statu
273 497 407 566 tempore
429 489 459 546 in
481 489 590 557 siluam,
605 489 727 563 augium
740 497 852 566 potrum
865 497 895 548 et
908 493 1004 567 prisca

86 567 239 628 formidine
262 583 383 636 sacrem,
404 579 501 624 omnes
521 567 649 642 ejusdem
661 566 800 642 sanguinis
813 570 911 643 populi
925 570 1000 646 lega·

85 643 1003 721 tionibusooiunt,cresoquepublicehomine,celebrantbarbari

85 725 157 782 ritds
179 722 498 798 horrenduprimordin.
540 721 591 779 Est
610 727 639 778 et
665 721 718 778 ulia
738 723 802 780 luco
828 727 999 784 reverentie.

84 800 184 860 Nemo
197 802 250 860 nisi
263 801 377 859 vinculo
403 801 503 874 ligatus
527 798 692 874 ingreditur,
706 799 850 870 ruminor,
864 811 893 861 et
906 809 1001 878 potes-

85 886 176 939 tatem
188 878 308 937 nmninis
321 895 382 954 pre
396 895 427 934 se
436 875 551 956 ferens:
566 877 591 934 si
604 874 676 934 forte
689 879 837 952 prolapsus
851 886 904 949 est,
914 882 1003 941 attolli

86 965 118 1016 et
125 957 275 1032 insurgere
284 955 359 1014 haud
368 955 475 1014 licitum
487 975 493 1010 ι
509 971 564 1032 per
572 955 687 1012 humum
701 955 890 1016 evolvuntur:
906 959 1003 1036 eoque

85 1036 180 1092 omnis
200 1033 363 1112 superstitio
387 1031 514 1108 respicit,
527 1039 658 1108 tanquam
671 1031 735 1087 indo
757 1032 948 1109 irrumpentis,
962 1037 1004 1095 ibi

84 1119 223 1185 regnator
247 1111 371 1169 omnium
391 1109 471 1180 deus,
492 1117 589 1168 cetera
608 1108 736 1184 subjectu
755 1116 839 1186 atque
860 1115 1004 1186 parentia.

84 1191 194 1266 Adjicit
220 1190 415 1248 auctoritatem
441 1185 497 1246 lor-t
582 1184 769 1254 Semnonum:
791 1195 905 1246 centum
925 1192 1027 1265 pagis?

84 1269 283 1326 habitantum·
295 1283 453 1342 magnoque
466 1203 591 1341 cossiire
604 1264 736 1334 efficitur,
747 1269 778 1322 ut
797 1283 828 1322 se
843 1265 1004 1328 Suevorum

85 1345 310 1422 caputcredeut.
339 1352 345 1366 '
399 1357 404 1364 ·
743 1351 746 1356 '
942 1347 944 1352 '

127 1423 190 1480 XL.
213 1421 321 1481 Contri
330 1421 529 1497 Longobsrdos
538 1421 662 1497 paucitas
673 1421 801 1480 nobilitat
812 1444 818 1480 :
831 1422 959 1498 plurimis
970 1443 1002 1484 ac

82 1501 285 1562 valentissimis
299 1501 458 1559 nationibus
484 1501 581 1572 cincti,
602 1519 659 1557 nou
679 1517 733 1574 per
752 1501 822 1558 obse
843 1501 930 1570 uium,
951 1503 1006 1562 sed,

85 1581 200 1657 proeliis
220 1586 250 1637 et
270 1575 457 1654 periclitando
477 1579 530 1637 tuti
553 1585 626 1638 sunt.
669 1577 808 1653 Reudigni
823 1519 951 1652 (deinde3
973 1587 1004 1638 et
1036 1637 1038 1644 ,

86 1657 226 1726 Aviones,
237 1665 266 1715 et
276 1658 372 1732 Angli,
387 1666 416 1714 et
425 1655 534 1726 Varini,
549 1663 579 1714 et
592 1656 731 1726 Eudoses,
746 1665 775 1713 et
789 1656 959 1728 Sunrdones,
973 1664 1004 1718 et

86 1735 261 1805 Nuithones,
272 1735 432 1793 fluminibus
443 1742 491 1793 eut
499 1735 577 1792 silvis
588 1734 751 1792 muniuntur
762 1755 768 1791 :
784 1749 838 1792 nec
852 1735 1004 1812 quidquam

86 1813 213 1881 notabile
224 1815 253 1870 in
263 1813 390 1890 singulis,
400 1813 452 1870 nisi
463 1813 537 1888 quod
549 1812 734 1868 incommune
745 1810 899 1881 Hermum,
910 1813 1006 1886 idest,
1122 1871 1123 1874 ,

87 1891 216 1952 Terram
225 1899 343 1950 matrem
355 1892 463 1960 colunt,
478 1904 596 1963 eamque
610 1887 786 1944 interuenire
805 1891 891 1946 rebus
912 1890 1003 1948 homi·
1086 1950 1089 1956 ,

87 1989 167 2039 num,
190 1970 287 2028 invehi
312 1970 438 2056 populis,
452 1967 631 2027 arbitrantur.
674 1963 725 2023 Est
737 1965 766 2021 in
789 1965 880 2024 ins‘ull
893 1965 1004 2036 Oceani

87 2056 196 2107 castum
207 2059 316 2116 nemus,
329 2047 450 2105 dicetirm
463 2047 492 2104 in
505 2053 541 2102 eo
554 2043 728 2112 vehiculum,
738 2050 819 2100 veste
833 2049 1003 2116 contectum,

88 2126 227 2200 attingere
247 2125 295 2183 uni
315 2124 454 2196 secerdoti
476 2136 652 2182 concessum.
694 2121 722 2177 ls
742 2119 840 2178 edesse
864 2123 1007 2196 penetrali-

87 2204 171 2264 denm
180 2204 318 2278 intelligit.
330 2210 497 2278 vectamque
516 2202 608 2258 bubus
621 2197 732 2272 leminis
741 2199 828 2256 multi
836 2217 904 2258 eum
914 2217 1006 2258 rene·

89 2281 199 2342 ratione
208 2281 400 2357 prosequitur.
421 2274 726 2343 basturcius-testa
734 2277 1005 2356 loce,quaeoumque

89 2360 214 2418 adventu
224 2359 415 2435 hospitioque,
426 2358 564 2432 dignetur.
588 2355 654 2414 b'on
663 2355 739 2414 belle
747 2355 856 2426 ineunt,
865 2375 920 2414 non
929 2375 1006 2418 arma
1046 2399 1050 2410 .

89 2445 214 2507 sumunt,
227 2439 352 2498 clausum
366 2455 449 2494 omne
463 2435 589 2506 ferrum
605 2451 671 2510 par
684 2440 713 2491 et
726 2434 807 2510 quies
819 2442 886 2492 tunc
900 2435 1006 2494 tentdm

89 2523 166 2585 nott,
189 2523 254 2574 tunc
278 2515 382 2573 tantum
406 2522 506 2584 amata,
528 2513 620 2570 donee
645 2511 720 2569 idem
734 2512 867 2569 sacerdos
880 2513 1006 2570 satiatam

90 2594 309 2652 eonversbtioue
340 2592 500 2650 mortalium
532 2591 614 2647 deum
646 2589 755 2662 templo
788 2587 903 2646 reddat:
938 2605 1005 2648 mox
1121 2609 1122 2632 1

88 2671 253 2730 vehiculum
279 2678 309 2730 et
334 2676 440 2740 vestes,
466 2675 506 2738 et,
528 2667 552 2724 si
565 2665 686 2724 credere
700 2665 782 2732 velis,
796 2681 899 2722 numen
913 2663 1005 2740 ipsum

89 2755 203 2809 secreto
217 2751 280 2808 locu
294 2747 425 2807 abluitur.
468 2745 551 2803 Serri
564 2743 730 2812 ministrant,
742 2759 812 2816 quos
826 2742 917 2800 statim
929 2741 1007 2801 idem

89 2827 169 2887 locus
182 2828 284 2888 haurit.
327 2827 455 2884 Arsanus
466 2823 533 2886 bino
546 2829 651 2888 terror,
674 2825 826 2895 sensuque
839 2818 1004 2894 ignorantia,

90 2902 160 2981 quid
169 2905 205 2963 sit
217 2907 259 2975 id,
271 2905 347 2983 quod
360 2905 464 2962 tantum
475 2899 596 2978 perituri
606 2897 714 2955 vident.
995 2905 996 2910 ’

131 2981 207 3040 XLl.
229 2983 266 3042 Es
276 2986 339 3042 haec
349 2983 463 3058 quidem
473 2998 540 3056 pars
554 2979 711 3034 Suevorurn
721 2976 749 3033 in
759 2975 915 3034 secretiore
928 2975 1017 3034 Ger?

90 3060 190 3120 maniae
205 3061 369 3138 porrigitur.
391 3059 514 3135 Propior
528 3057 573 3132 (ut
587 3073 642 3131 quo
657 3054 739 3112 modo
752 3055 839 3129 paulo
851 3053 912 3111 sntd
927 3052 1005 3111 liber
1057 3088 1067 3095 —

90 3153 169 3207 num,
178 3140 302 3199 sicnune
312 3138 472 3196 Danubium
486 3131 604 3212 sequar)
618 3131 883 3190 Hermundurorum
894 3131 1005 3201 civitas,

90 3214 148 3275 lide
161 3216 310 3286 Romame,
330 3219 425 3292 eoque
439 3214 506 3272 solis
519 3213 731 3269 Germanorum
742 3227 798 3268 non
811 3209 839 3266 in
853 3207 915 3284 ripl
929 3225 1005 3266 com·

90 3295 301 3366 metrumne
315 3295 437 3372 penitus,
451 3299 534 3368 atque
548 3290 576 3347 iu
590 3287 814 3366 splendidissimi
828 3285 927 3344 Reus
938 3303 1006 3362 pro·

89 3374 348 3434 vinciae-coloniae:
364 3371 467 3448 passim
480 3377 510 3427 et
522 3368 583 3426 sine
591 3365 708 3425 custode
715 3372 878 3423 treueunt:
894 3371 933 3434 et,
942 3383 1008 3422 cum
1120 3423 1121 3432 χ

91 3453 200 3512 ceteris
213 3452 343 3526 gentibus
363 3469 441 3507 arma
453 3446 537 3506 modo
550 3453 698 3520 castroque
711 3450 806 3501 nostre
819 3443 1006 3514 ostendamus,

92 3532 139 3594 his
152 3531 261 3603 domos,
281 3530 422 3606 villasque
435 3523 630 3605 patefecimus,
653 3541 710 3582 non
732 3522 1006 3599 concupiscentibus.
