2254 3960
113 323 168 400 Q
403 339 437 398 c.
454 333 568 396 OORN.
585 332 721 396 raeiri
826 351 856 395 t.
875 351 903 396 u.
922 352 946 396 o
964 323 1030 398 edd·

113 488 242 548 malicus
265 489 355 559 miles,
369 489 445 548 mixti
466 487 554 561 copiis
575 493 604 544 et
623 487 731 556 latitia,
745 487 922 564 suaquisqne
939 488 1032 560 facta,
1117 537 1118 558 ,

112 581 180 623 snos
203 585 283 624 casus
307 567 484 623 attollerent:
507 583 539 621 ac
558 565 645 622 modo
666 565 823 623 ‘silvarum
844 573 872 622 et
889 566 1033 623 monitum
1117 603 1118 612 κ

112 649 125 680 “
138 642 297 718 profunda,'
307 643 389 700 modo
403 651 410 677 ‘
422 649 620 716 tempestatum
629 639 804 700 aclluctuum
813 641 948 710 adversa?
959 643 1033 700 hinc

112 726 217 778 ‘terra
230 729 258 776 et
271 721 378 785 hostis,’
393 719 458 774 hinc
473 728 480 752 ‘
494 727 591 775 auctus
605 719 758 787 Oceanus‚’
772 719 885 776 militari
894 719 1033 793 jactantia
1058 736 1062 739 ·

112 806 350 871 compararentur.
394 795 552 852 Britannos’
569 815 694 872 qnoque,
707 803 738 853 ut
751 810 787 851 ex
801 795 919 870 captivis
933 797 1032 853 audie:

112 875 203 940 batur,
218 883 226 907 ‘
239 873 296 928 visa
307 874 404 928 classis
414 871 667 946 obstupefaciebat,
676 880 824 948 tamquam,
835 873 1032 946 apertomaris
1077 867 1083 874 ¹
1117 883 1118 918 l

113 950 177 1006 ‘sui
200 957 323 1016 secreto,
343 944 468 1005 nltimam
491 950 572 1006 victis
594 949 752 1025 perfugium
775 949 965 1022 clauderetur’
994 949 1034 1006 ad

112 1033 232 1082 'manus
246 1033 276 1082 et
290 1045 369 1082 arnna
387 1027 518 1083 conversi
540 1026 722 1084 Caledoniam
742 1027 899 1082 incolentes
919 1027 1032 1102 populi,

134 1111 235 1178 paratu
248 1121 359 1176 magno,
368 1105 474 1178 majore
485 1101 566 1170 fame,
576 1109 623 1162 nti·
632 1121 691 1160 mos
701 1111 744 1160 est
754 1103 789 1158 de
800 1105 911 1180 ignotis,
921 1123 1032 1180 oppng-
1117 1131 1118 1182 ἦ

113 1189 122 1214 ‘
137 1199 218 1237 nasse
232 1181 330 1247 ultrb,’
345 1181 461 1237 castella
481 1181 580 1248 adorti,
591 1187 706 1248 metum,
722 1187 752 1236 ut
766 1187 967 1254 prnuoemtes,
982 1183 1034 1238 ad-

112 1257 242 1314 diderant
255 1276 262 1314 2
285 1257 578 1332 ‘regrediendumque
587 1257 659 1314 citra
666 1257 838 1324 Bodotriam,
848 1265 877 1313 et
887 1257 1033 1315 exceden-

112 1340 122 1370 a
136 1335 203 1392 dum
216 1335 318 1410 potius,
333 1336 417 1409 quam
429 1333 626 1408 pellerentur,’
642 1334 732 1408 ignavi
743 1333 839 1410 specie
849 1335 1035 1408 prudentium

111 1410 321 1469 admonebant:
353 1413 416 1467 oiim
442 1411 554 1466 interim
578 1411 732 1484 cognoscit,
756 1412 875 1468 ‘hostes
899 1412 1031 1488 pluribus

110 1488 267 1561 agminibus
282 1489 466 1562 inrupturos’
507 1490 548 1544 Ac
562 1507 609 1555 ne,
623 1495 775 1562 superante
788 1505 917 1556 numero,
935 1496 964 1544 et
977 1507 1033 1562 pe·

111 1563 175 1622 titia
197 1567 324 1622 locorum
347 1563 556 1632 circumiretur,
570 1565 661 1622 diviso
682 1572 710 1622 et
731 1565 841 1640 ipsein
861 1573 920 1622 tres
932 1573 1033 1640 partes

109 1643 240 1697 exercitu
255 1641 377 1696 incessit.

150 1717 257 1771 XXVl.
299 1717 382 1784 Quod
396 1716 443 1772 ubi
457 1717 599 1790 cognitum
613 1718 814 1787 hosti‚‘mutato
828 1717 946 1794 iepente
961 1738 1033 1777 con·
1117 1725 1118 1792 l

110 1793 184 1862 silio,
196 1793 321 1850 universi
332 1812 434 1850 nomen
444 1795 632 1867 legionem‚ut
645 1797 764 1852 maximi
774 1796 936 1865 invalidam,
946 1805 1034 1856 uncle
1117 1793 1118 1834 l

110 1870 246 1946 adgressi,
257 1871 331 1928 inter
344 1888 471 1928 somnum
487 1889 519 1928 ac
540 1873 758 1946 trepidationem
778 1873 868 1930 caesis
887 1875 1033 1948 vigilibus,

109 1948 256 2024 inrupere.
298 1950 418 2024 Jamque
435 1950 462 2004 in
481 1949 549 2024 ipsis
570 1950 668 2006 castris
683 1951 852 2023 pugnabant,
871 1951 934 2006 ctim
947 1951 1034 2026 Agri·

110 2028 186 2094 cola,
201 2028 255 2084 iter
276 2028 397 2083 hostium
419 2028 454 2081 ab
474 2027 700 2100 exploratoribus
715 2028 841 2094 edoctus,
855 2034 885 2084 et
903 2027 1037 2102 vestigiis

110 2103 265 2171 insecutus,
280 2104 472 2166 velocissimos
486 2103 612 2178 equilum
626 2103 809 2178 peditumque
821 2103 959 2162 adsultare
970 2113 1033 2162 ter·

110 2180 152 2254 gis
167 2183 348 2256 pugnantium
364 2182 457 2256 jabet,
472 2189 537 2236 mox
552 2182 588 2236 ab
600 2181 740 2238 universis
754 2181 837 2256 adjici
850 2183 1006 2239 clamorem
1021 2225 1029 2240 .

110 2263 141 2312 et
161 2259 320 2332 propinqui
342 2260 406 2313 luce
427 2257 535 2318 fulsere
555 2258 649 2332 signa:
672 2259 710 2315 ita
723 2258 836 2334 ancipiti
849 2259 923 2316 malo
935 2259 1034 2316 territi
1117 2291 1118 2308 r

109 2331 255 2392 Britanni:
278 2343 307 2389 et
328 2333 460 2390 Romanis
482 2335 556 2390 redit
574 2336 691 2404 animus,
706 2355 737 2392 ac
751 2336 845 2393 securi
860 2351 912 2409 pro
925 2337 1033 2406 salute,

106 2409 147 2466 de
156 2409 245 2485 glori&
253 2412 415 2466 certabant:
438 2412 515 2468 ultrb
527 2413 680 2486 quinetiam
692 2414 831 2488 erupere:
847 2421 876 2470 et
884 2411 935 2469 fuit
945 2420 1034 2471 atrox

110 2487 140 2546 in
154 2488 221 2564 ipsis
241 2494 387 2563 portarum
408 2488 539 2562 angustiis
560 2490 703 2564 proelium,
717 2491 808 2547 donec
821 2490 895 2566 pulsi
908 2491 1005 2548 hostes
1020 2509 1032 2564 3

111 2573 233 2642 utroque
256 2566 385 2624 exercitu
406 2573 545 2636 certante,
560 2568 615 2636 his,
628 2576 660 2625 ut
680 2561 779 2626 tulisse
800 2585 897 2644 opem,
910 2567 976 2638 illis,
991 2587 1031 2626 ne

109 2644 222 2716 eguisse
246 2643 349 2700 auxilio
370 2642 560 2702 viderentur:
584 2645 671 2721 quid,
686 2646 739 2702 nisi
761 2645 878 2720 paludes
899 2652 928 2702 et
946 2646 1033 2702 silvae

110 2719 251 2794 fugientes
265 2723 411 2791 texissent,
425 2723 597 2780 debellatum
611 2724 660 2780 illa
672 2723 792 2781 victoria
804 2721 889 2778 foret.

150 2797 272 2854 XXVll.
314 2797 403 2874 Cujus
429 2801 585 2857 constantia
611 2819 643 2858 ac
669 2799 742 2858 ama
768 2799 850 2857 seror
874 2799 1031 2873 exercitus,

114 2881 122 2907 ⁸
136 2874 205 2930 nibil
219 2876 388 2934 virtutisne
408 2876 535 2948 invium;
557 2877 759 2952 penetrandam
779 2875 972 2945 Caledoniam,
986 2879 1031 2936 in·

106 2957 121 2985 ·‘
136 2952 362 3027 veniendumque
385 2953 497 3010 tandem
523 2954 678 3013 Britannia
704 2955 867 3022 terminum,
894 2956 1030 3014 continuo

107 3035 120 3062 ⁴
136 3029 301 3102 proeliorum
322 3031 429 3101 cursu,’
443 3029 601 3089 fremebant
614 3039 727 3108 ratque
741 3031 792 3100 illi,
806 3033 893 3089 modo
905 3033 981 3089 cauti
995 3052 1032 3092 ac

65 3107 68 3110 ’
108 3106 264 3180 sapientes,
290 3108 413 3184 prompti
429 3113 502 3184 ‘post
520 3115 654 3166 eventum
675 3127 707 3167 ac
733 3109 902 3184 magniloqui
927 3117 1029 3168 erant:

109 3182 284 3257 iniquissima
302 3185 365 3242 haec
386 3186 528 3243 bellorum
546 3186 672 3244 conditio
687 3193 751 3258 est3
773 3202 913 3261 prospera
931 3205 1031 3245 omnes

109 3257 164 3340 sihi
182 3259 334 3327 vindicant,
346 3261 471 3318 adversa
484 3262 532 3318 uni
546 3263 726 3338 imputantur.
768 3264 804 3318 At
818 3261 957 3331 Britanni,
971 3283 1031 3322 non

110 3337 226 3409 rimute,
240 3334 290 3387 sed
303 3336 451 3394 occasione
465 3345 495 3394 et
508 3345 567 3394 arte
583 3340 663 3396 ducis
683 3340 746 3408 rati,
760 3339 835 3395 nihil
844 3358 881 3396 ex
896 3357 1029 3414 arrogan-

110 3404 149 3450 aa
161 3406 318 3472 remittere,
331 3411 478 3480 quominus
486 3413 668 3486 juventutem
683 3423 834 3484 armarent,
849 3419 985 3490 conjuges
997 3435 1032 3476 ac
1117 3435 1118 3440 ’

110 3464 218 3548 liberos
229 3476 257 3528 in
271 3480 333 3534 looa
346 3490 404 3538 tnta
417 3488 613 3558 transferrent,
623 3493 744 3550 caetibus
758 3509 790 3550 ac
804 3493 950 3550 sacrificiis
960 3512 1030 3552 con·

50 3619 55 3628 .
109 3541 290 3628 durationem
302 3553 446 3633 civitatum
459 3563 602 3633 sancirent
615 3587 622 3624 ι
645 3575 729 3646 atque
741 3567 780 3628 ita
792 3569 1031 3632 innisus-utrm·

110 3619 451 3689 fflfflfflmduoessum.
985 3637 990 3650 ⁴
