2252 3958
81 345 112 392 τι·
124 351 149 394 υ.-
166 336 210 393 69·
297 335 453 394 meroe.
472 333 545 392 ΗΒ.
564 333 775 394 SECUNDUS·
937 331 973 396 9?

82 483 189 541 uallum
214 481 364 542 discrimen
390 483 466 553 adiit,
492 483 608 559 pietate
623 491 653 542 et
677 483 788 558 ignaria
814 491 971 544 excusatus.

82 558 175 617 Mario
191 559 278 618 Celso
300 562 459 620 consulatus
485 568 634 619 servatur:
656 561 708 618 sed
727 561 868 618 creditum
890 561 973 632 unt,

83 635 280 712 otq'ectumque
305 655 372 700 mox
397 637 426 695 in
448 645 546 696 senatu
572 637 691 696 Caecilio
714 638 851 713 Simplici,
874 639 974 771 ‘quod

82 721 172 771 ‘eum
186 715 322 773 honorem
344 714 465 790 pecunia
487 715 620 782 mercari,
643 733 697 772 nec
719 715 780 772 sine
794 715 881 774 exitio

82 795 91 822 ‘'
104 791 272 850 voluisset?
303 793 406 850 restitit
425 791 567 859 Vitellius,
593 791 728 866 deditque
754 799 853 868 postea
873 811 973 852 consu·

80 865 168 924 latum
193 869 330 942 Simplici,
356 868 499 926 innoxium
522 876 552 925 et
572 869 648 926 inem
670 876 737 926 tum.
788 869 973 928 Trachaluml

80 944 215 1000 advenas
228 945 408 1002 criminantes
421 944 545 1011 Galeria,
558 963 632 1001 uxor
644 887 763 1013 gitellii,
778 947 913 1020 protexit.

119 1019 198 1076 LXl.
240 1021 320 1076 later
328 1037 489 1091 magnorum
497 1020 623 1077 virorum
632 1021 790 1078 discrimina
801 1024 974 1099 (pudendum

77 1097 175 1171 dictu)
190 1095 332 1152 Mariccus
346 1094 469 1169 quidam,
482 1113 499 1150 e
513 1098 598 1168 plebe
612 1095 758 1164 Boiorum,
770 1099 974 1164 insereresese

78 1174 218 1240 fortunae,
242 1179 271 1229 et
292 1187 451 1245 provocare
473 1189 550 1227 arma
572 1171 709 1240 Romana,
732 1173 904 1232 simulatione
924 1197 975 1236 nu·

78 1249 191 1307 minum
216 1267 298 1306 auaris
325 1254 377 1305 est.
430 1247 549 1323 Jamque
579 1247 732 1306 ‘adsertor
753 1249 918 1320 Galliarum,
940 1261 978 1310 'et

81 1327 188 1383 ‘deus’
214 1326 331 1406 (nomeu
346 1323 373 1380 id
386 1324 440 1381 sibi
460 1323 613 1403 indiderat)
636 1326 752 1382 concitis
772 1332 836 1384 octo
857 1327 977 1386 millibus

82 1402 239 1470 hominum,
263 1402 407 1478 proximos
432 1401 591 1458 AEduorum
617 1421 701 1477 pagos
728 1404 879 1475 trahehutq
914 1405 976 1462 edm

82 1479 246 1555 grauissima
271 1480 381 1548 civitas,
405 1480 497 1536 electa
518 1480 680 1554 juveutute,
704 1479 820 1556 adjectis
846 1501 862 1538 a
888 1479 977 1538 Vitel-

82 1557 121 1614 lio
146 1555 320 1624 cohortibus,
343 1555 490 1613 fanaticam
512 1556 716 1614 multitudinem
739 1556 858 1632 disjecit.
900 1557 976 1634 Cap-

83 1641 128 1692 tus
142 1633 172 1690 in
187 1652 223 1690 eo
236 1633 338 1709 proelio
352 1633 504 1701 Mariccus,
527 1653 558 1690 ac
575 1652 641 1691 mox
660 1633 730 1690 seris
750 1635 888 1710 objectus,
913 1637 978 1711 quia

83 1731 141 1768 non
154 1711 318 1781 laniabatur,
342 1710 473 1767 stolidum
496 1712 595 1784 vulgus
616 1711 807 1769 inviolabilem
829 1713 975 1782 credebat,

84 1788 188 1855 donec,
202 1795 347 1862 spectante
361 1785 488 1853 Vitellio,
502 1786 667 1845 interfectus
681 1794 732 1844 est.

123 1863 216 1921 Lxll.
257 1863 320 1921 Nec
334 1865 407 1921 ultra
420 1863 449 1919 ia
461 1863 632 1930 defectores,
653 1871 700 1920 aut
715 1867 790 1921 bona
802 1867 976 1942 cujusquam,

84 1942 225 2000 savirum.
267 1940 339 1999 Rata
358 1939 441 1997 suere
463 1958 572 2007 eorum,
594 1941 641 2014 qui
665 1940 726 1996 acie
752 1941 909 1999 Othoniani
929 1961 976 2000 ce·

84 2020 223 2088 cideraut,
249 2025 425 2086 testamenta,
451 2024 498 2074 aut
522 2018 571 2073 lex
596 2017 743 2073 intestatis.
796 2017 927 2086 Prorsus,
952 2019 977 2075 si

84 2095 207 2154 luxuria
233 2101 418 2171 temperaret,
448 2093 591 2151 avaritiam
617 2111 672 2149 nou
697 2093 823 2150 timeres.
874 2093 978 2169 Epula-

85 2193 150 2230 rum
172 2173 248 2232 soeda
270 2181 299 2231 et
319 2170 499 2246 inexplebilis
521 2169 628 2226 libido:
651 2186 688 2226 ex
706 2171 778 2227 urbe
798 2177 880 2246 atqua
900 2171 978 2229 ltalia

86 2252 262 2310 inritamenta
283 2251 356 2325 gula
379 2249 567 2324 gestabantur,
589 2248 780 2322 strepentibus
801 2251 836 2306 ab
857 2257 978 2326 utroque

85 2328 186 2385 naris
204 2329 371 2386 itineribus:
409 2326 536 2385 exhausti
568 2325 765 2384 conviviorum
797 2328 978 2404 apparatibus

86 2405 231 2480 principes
257 2405 418 2464 civitatumz
453 2406 632 2463 vastabantur
655 2403 725 2478 ipssa
748 2404 898 2486 civitates:
928 2405 976 2464 de·

85 2485 241 2556 generabat
266 2501 283 2538 a
307 2483 405 2540 labore
424 2500 456 2538 ac
474 2482 579 2538 virtute
605 2481 698 2548 miles,
725 2482 906 2540 adsuetudine
927 2501 977 2539 ro·

86 2560 234 2634 luptatura,
267 2566 297 2615 et
321 2564 484 2628 contemptu
515 2557 604 2613 ducis.
659 2555 799 2612 Praemisit
824 2557 853 2612 in
878 2560 980 2616 urbem

86 2636 222 2701 edictum,
256 2651 311 2706 quo
344 2631 513 2686 vocabulum
550 2631 669 2704 Augusti
701 2631 831 2686 differret
862 2633 980 2690 Carum

85 2731 144 2770 uon
157 2711 313 2783 reciperet,
336 2723 400 2762 cum
413 2705 450 2760 de
462 2711 601 2778 potestate
614 2704 684 2759 nihil
697 2703 871 2762 detraheret.
913 2708 978 2766 Pul·

86 2789 110 2846 si
138 2787 219 2845 ltalia
250 2779 450 2840 mathematici.
501 2778 620 2836 Cautum
652 2781 753 2836 severe
784 2789 843 2838 ‘ne
868 2785 978 2859 equites

89 2862 233 2946 ‘Romani
263 2860 330 2917 ludo
359 2865 390 2915 et
421 2857 528 2946 urendi
544 2857 761 2945 polluerentur?
812 2859 926 2918 Priores
951 2863 978 2920 id

90 2941 237 3016 Principes
261 2936 391 3014 pecunia,
415 2940 444 2992 et
461 2953 564 3010 saepius
585 2949 624 3002 vt,
648 2934 850 3010 perpulerant3
872 2957 904 2996 ac
917 2939 979 3014 ple.

126 3097 140 3148 1
163 3093 333 3150 Trachalum.
370 3090 521 3154 Galerium,
538 3091 572 3144 de
592 3106 646 3158 quo
665 3084 736 3144 llist
756 3087 835 3156 1‚90.
871 3091 917 3148 Ex
927 3093 978 3147 hu·

89 3165 134 3231 jus
146 3166 257 3216 nomine
270 3163 412 3243 conjicere
421 3160 485 3214 licet
500 3161 584 3216 fuisse
603 3160 724 3241 aliquem
743 3162 982 3231 propinquitatem

92 3227 775 3371 ipspnpibinptqqqepetdtagcgorrssqppppqielgqegpffl,
787 3310 815 3353 et
827 3299 915 3356 infero
927 3317 978 3356 seu

33 3425 36 3434 ¹
94 3369 383 3494 Tyarrpqup.mm
419 3435 571 3507 Disciplina
583 3447 612 3492 et
623 3438 823 3498 certaminibus
841 3441 975 3513 gladiato·

92 3522 163 3590 rum.
197 3505 504 3582 Ludumroeatlo'oum
515 3505 831 3590 iniquodooebanttu.l

584 3585 597 3644 1

922 716 974 774 elsi
1050 746 1057 760 ·
