2214 3986
61 421 84 466 s
102 361 131 467 e.
148 411 192 467 eo.
278 404 434 496 menon
454 401 526 466 ura.
546 408 741 472 conanus·
795 390 802 402 '
905 414 975 482 raa,

63 559 116 690 peri
126 557 336 638 Tencterique,
350 559 380 618 'ct
399 558 492 616 excita
504 558 606 618 nuntiis
619 558 772 618 Germania
784 560 817 618 ad
831 562 957 638 praedant

119 656 136 692 a
222 675 229 692 ,
328 663 333 670 .
646 655 668 672 -,

73 654 220 770 Ἥῗιε
236 713 382 770 Adversus
405 714 454 770 has
477 713 547 773 belli
568 715 777 772 concurrentisl
799 717 899 788 minas,
912 721 954 776 le·

62 790 115 862 gati
142 791 293 864 legionum,
316 789 467 852 Mummius
491 791 649 864 Lupercus,
673 799 702 848 ct
727 792 871 852 Numisius
896 795 954 854 Ru-

59 863 115 936 sus,
130 867 234 943 vallum
254 865 407 941 murosque
427 866 594 923 firmabant:
616 871 752 926 subversa
772 872 862 946 longae
878 874 955 948 pacis

61 943 185 1018 opera?
200 944 274 1002 baud
300 945 400 1018 procul
422 944 521 1000 castris
546 943 576 998 iu
600 945 713 1002 modam
735 950 878 1026 municipii
905 969 954 1008 ex-

60 1028 177 1089 structa,
191 1040 228 1078 ne
249 1021 375 1077 hostibus
395 1019 458 1076 usui
471 1019 574 1076 sorent.
615 1021 670 1078 Sed
685 1041 784 1096 parum
798 1028 953 1100 provisum,

60 1097 86 1154 ni
100 1099 195 1174 copiae
206 1099 235 1155 in
245 1106 336 1154 castra
349 1098 580 1154 conveherentur
593 1097 619 1167 ιδ’,
637 1098 697 1171 rapi
711 1103 877 1173 permisere.
912 1107 955 1164 lta

59 1177 160 1248 paucis
180 1175 280 1231 diebus
300 1191 354 1248 per
373 1174 516 1230 licentiam
532 1175 677 1248 absumpta
689 1184 763 1242 sunt,
777 1197 840 1250 quas
854 1182 954 1241 adver.

59 1254 104 1311 sas
120 1251 351 1326 necessitates'in-
361 1251 473 1324 longum
493 1249 679 1308 suffecissent.
721 1251 821 1310 Civilis
834 1259 955 1318 medium

59 1349 161 1404 agmen
194 1347 270 1386 cum.
291 1330 395 1386 robore
428 1327 598 1385 Batavorum
637 1328 777 1396 obtinens,
810 1339 956 1410 utramque

61 1407 158 1466 Rheni
177 1405 278 1482 ripam,
293 1409 350 1481 quo
363 1406 550 1464 tructrlentior
569 1406 631 1482 visu
652 1406 736 1474 soret,
750 1408 957 1469 Germanorum

61 1484 185 1544 catervis
205 1485 339 1559 complet,
354 1484 508 1540 adsultante
529 1502 583 1557 per
595 1503 709 1560 campos
721 1485 826 1560 equite.
855 1486 956 1546 ,Simul

61 1581 149 1620 nares
170 1562 199 1619 in
220 1562 370 1623 adversum
389 1577 497 1618 amnem
511 1563 672 1638 agebantur.
713 1561 789 1620 Hinc
809 1569 958 1624 veterana·

61 1657 124 1698 rum
145 1638 305 1698 cohortium
325 1638 411 1712 signa,
434 1637 501 1716 inde
523 1639 701 1714 deprompta
727 1639 805 1696 silvis
827 1642 955 1721 lucisque

61 1716 185 1776 leramm
208 1716 353 1790 imagines,
366 1717 396 1773 tlt
416 1716 518 1795 cuique
544 1718 623 1790 genti
646 1717 718 1776 inire
740 1719 872 1791 proelium
895 1739 955 1779 mos

62 1802 113 1864 est,
129 1795 215 1852 mixta
228 1795 297 1851 belli
306 1793 404 1850 ciuilis
424 1793 592 1868 externique
607 1793 694 1871 sacial
708 1795 955 1870 obstupefecerant

63 1873 215 1932 obsessos:
250 1879 279 1928 et
303 1887 385 1946 spem
415 1871 636 1945 ¹oppugnantium
662 1874 778 1944 augebat
803 1875 955 1948 amplitudo

63 1951 141 2018 ualli,
156 1950 230 2024 quod
249 1949 357 2030 duabus
377 1947 533 2021 legionibus
554 1948 647 2015 sitnon,
662 1948 710 2004 vix
730 1949 956 2023 quinquemillia
983 1997 984 2000 η

9 2093 10 2100 ¹
63 2034 233 2084 armatorum
254 2024 458 2085 Romanorum⁵
470 2025 629 2080 tuebantur.
671 2024 726 2080 Sed
746 2024 867 2082 lixarum
884 2030 954 2086 mul·

8 2103 9 2116 ¹
63 2105 162 2173 titudo,
175 2105 284 2162 turbata
304 2120 377 2177 pace
398 2101 465 2158 illuc
485 2107 663 2180 congregata,
688 2108 717 2156 et
736 2101 815 2158 bello
829 2103 955 2162 ministra

65 2182 168 2240 aderat.
225 2219 228 2224 ·
260 2237 265 2247 ,
791 2187 793 2194 “

95 2259 210 2316 ·XXlll.
245 2260 320 2318 ‘Pars
346 2260 513 2326 castratum,
540 2258 569 2314 in
602 2256 705 2315 collem
727 2258 832 2316 leniter
857 2277 954 2318 exsur-

43 2403 45 2410 .
64 2357 131 2411 gens
147 2360 155 2410 ;
176 2357 241 2413 pars
255 2356 338 2412 aequo
359 2336 486 2392 adibatur
502 2357 509 2392 ε
532 2335 649 2409 quippe,
664 2335 718 2391 illis
733 2336 871 2405 hibemis‚
882 2338 955 2396 obsi·

65 2415 124 2474 deri
151 2416 313 2492 premique¹
325 2413 500 2482 Germanias,
519 2414 665 2486 'Augustus
691 2413 873 2474 crediderat:
905 2434 954 2473 ne·
974 2445 978 2453 ·

98 2575 112 2626 1
132 2569 206 2626 Belli
213 2566 400 2638 emicuerenlis.
412 2570 438 2622 A
446 2569 572 2638 pluribus
581 2569 663 2621 simul
673 2572 783 2636 populis
791 2571 954 2638 ingruentis.

95 2643 113 2696 2
132 2642 235 2712 Iaogoe
243 2639 322 2712 pacis
329 2657 416 2710 opero.
456 2639 525 2691 llaec
533 2637 659 2705 aedificia,
666 2639 737 2701 lixis,
746 2641 955 2704 mercatoribus,

66 2712 179 2780 aliisque
189 2711 314 2780 paganis,
326 2711 373 2778 qni
383 2708 476 2760 castra
485 2707 681 2774 sequebantur,
694 2707 860 2771 recipiendis
871 2707 955 2760 desti-

65 2793 137 2847 nata,
150 2782 314 2834 dicebantur
323 2776 478 2848 preeertra'a.
515 2771 577 2843 Vid.
591 2773 717 2839 Lipsium
725 2773 805 2825 Milit.
818 2776 844 2825 5.
857 2773 920 2828 Dial
931 2778 955 2829 l.

97 2853 115 2906 3
133 2851 239 2904 Parum
246 2849 393 2921 provisum,
405 2851 435 2898 ul
447 2841 525 2914 copie
535 2842 565 2895 ia
578 2843 664 2902 casira
677 2843 885 2895 conveherentur.
913 2843 957 2898 lta

66 2923 157 2976 locum
169 2921 244 2975 huno
256 2921 333 2974 dedit
347 2918 467 2986 laipsius.
483 2971 488 2982 ,
504 2912 607 2980 Scripti
624 2911 736 2962 codices
748 2911 852 2964 babent
863 2911 903 2977 ni,
914 2914 955 2966 id-

66 3009 117 3058 que
129 2993 205 3045 recte
217 2993 417 3058 interpretatur
425 2981 590 3038 'Salinerius
626 2979 747 3033 Diruunt
759 2981 883 3046 aedilicia,
896 2999 956 3050 quae

67 3063 162 3116 castris
187 3061 361 3128 adjacebant,
382 3074 418 3109 nc
440 3055 501 3108 usui
521 3053 614 3106 forent
637 3051 880 3119 oppugnantibus:
907 3052 956 3104 sed

67 3133 133 3186 nihil
146 3149 180 3185 ea
191 3148 230 3195 re,
243 3141 292 3183 aut
310 3143 410 3197 parum
429 3133 636 3194 promoverunt,
648 3137 704 3174 non
722 3122 810 3177 vectis
823 3122 852 3173 iu
864 3132 957 3174 eastra

68 3201 284 3269 commeatibus:
304 3201 351 3267 qui
364 3198 467 3250 ibidem
479 3203 569 3255 erant3
581 3189 643 3272 rupi
659 3188 806 3259 permisere.

85 3272 116 3331 ,a
133 3270 223 3324 Mota
235 3268 296 3322 belli
304 3265 393 3323 ciuilia
402 3261 551 3332 externique
556 3261 640 3329 sacac.
662 3264 664 3269 '
677 3258 751 3310 Nam
764 3259 892 3311 cobortes
903 3257 956 3312 Ba-

68 3354 193 3396 tororum
202 3340 283 3406 signa
292 3337 423 3391 militaria
432 3333 616 3403 praeferebant
625 3330 654 3381 in
662 3343 769 3397 morem
781 3327 957 3381 Romanum:
1010 3343 1013 3348 ·

69 3422 165 3463 ceteras
178 3421 279 3478 gentes
293 3424 343 3475 pro
356 3407 443 3474 signis
455 3401 591 3472 imagines
601 3395 723 3452 ferarum
736 3397 921 3451 ostentabant.

64 3481 66 3486 '
102 3479 306 3532 oar-»natorum
324 3477 515 3530 Romanorum.
551 3469 749 3522 anc'vocem
770 3467 855 3526 addit,
874 3477 903 3520 nt
922 3468 957 3521 ab

70 3562 103 3600 ea
114 3564 224 3603 summa
236 3546 368 3599 excludat
380 3558 484 3606 servos,
495 3551 523 3595 at
535 3541 614 3603 lixas,
624 3549 652 3590 et
663 3537 691 3589 id
704 3551 792 3617 genus
804 3533 956 3618 hominum,

71 3623 137 3683 quoa
147 3616 184 3672 ad
193 3611 347 3670 ministeria
358 3613 424 3668 belli
436 3613 598 3677 adsumptos
609 3622 676 3662 mox
687 3607 753 3660 droit
765 3603 888 3660 Taortus.

507 3693 533 3750 R
