2252 3958
19 387 24 400 .
55 369 74 406 s.
88 363 114 408 e.
130 354 170 410 en
189 372 204 378 ··
236 434 242 447 1
266 351 512 413 moronus.
532 317 742 412 urrunnun.
863 307 869 315 ’
898 363 933 419 m

55 503 100 568 ns,
109 517 140 558 se
150 501 228 558 mine
239 479 362 571 uentu,
376 502 451 570 nter
465 501 637 561 numnam
650 501 860 580 ruinamque
876 481 932 582 q'uo

55 595 174 636 successu
200 577 366 638 Vitellianus
390 580 481 648 miles,
502 597 558 638 non
578 580 638 655 jam
664 579 780 638 flumine
801 583 930 658 subripis

54 655 196 712 uenus.
238 656 382 714 resumo
410 658 477 731 qun
503 656 719 715 sumnam
732 655 932 718 restruen-
1021 725 1024 732 ,
1102 625 1103 634 ‘

53 747 148 805 nosque
175 731 265 789 Padus
288 733 369 809 ipse:
393 748 477 808 quem
500 735 617 808 repente
643 741 741 797 contra
761 733 932 795 Placentiam

52 810 215 882 transgressi,
229 811 316 884 raptis
330 809 495 884 quibusdam
508 811 746 884 exploratoribus,
767 811 805 868 ils
817 821 932 871 ceteros
965 808 980 835 ⁸

50 887 182 954 terruere,
194 894 226 943 ut
239 895 247 920 ⁴
263 887 362 944 adesse
386 905 498 944 omnem
511 884 635 949 cneius
646 888 811 946 exercitum’
825 889 931 965 trepidi

50 977 76 1016 uc
88 960 151 1018 salsi·
161 963 331 1022 nuntiarent.
347 1005 350 1010 ·

81 1037 187 1094 XVIII.
210 1039 331 1096 Certum
356 1045 420 1096 erat
444 1040 591 1113 Spurinnae
616 1041 654 1118 (is
667 1041 742 1098 enim
756 1041 929 1103 Placentiam

47 1113 201 1189 obtinebat)
213 1115 334 1172 necdum
347 1116 460 1169 venisse
470 1115 623 1184 decinam,
633 1125 674 1183 et,
682 1118 706 1172 si
716 1119 929 1192 propinquaret,

46 1207 181 1247 coercere
203 1190 283 1246 intre·
300 1188 472 1246 munimenta
496 1189 625 1258 militem,
650 1209 704 1247 nee
716 1199 774 1248 tres
785 1195 930 1266 pretorius

47 1267 186 1335 cohortes,
201 1274 231 1324 et
242 1267 320 1324 mille
334 1266 587 1334 vexillarios,cum
600 1267 698 1341 paucis
710 1267 861 1341 equitibus,
881 1287 930 1328 ue·

47 1349 140 1401 turono
152 1343 443 1418 memiuuubjicere.
485 1341 542 1400 Sed
555 1343 703 1402 Indomitos
716 1344 808 1413 mdes,
822 1351 853 1402 et
859 1345 932 1402 belli

48 1420 160 1494 ignarus,
179 1421 320 1495 correptis
333 1421 418 1496 sIguis
437 1420 618 1494 vexillisque,
633 1437 729 1489 ruere,
750 1427 780 1478 et
800 1422 932 1481 retinenti

47 1497 104 1555 duci
118 1498 175 1558 tels
195 1499 344 1566 intentare,
368 1497 471 1572 spretis
491 1497 703 1555 centurionibus
729 1498 932 1574 tribunisque?

49 1575 90 1649 qui
102 1585 109 1610 ‘
121 1571 320 1652 proditionem,
331 1581 360 1632 et
374 1575 494 1632 accitum
504 1572 658 1632 Cecinam’
673 1574 860 1634 clamitabant.
883 1576 930 1637 Fit

48 1653 203 1712 temeritatis
214 1653 315 1710 alienae
335 1670 430 1710 comes
444 1653 594 1727 Spurium,
609 1653 703 1727 primo
715 1661 841 1722 coactus,
861 1671 928 1714 mox
951 1654 961 1662 ”

16 1789 17 1794 1
47 1730 114 1787 uelle
125 1732 272 1798 simulans,
293 1733 351 1804 qub
371 1730 435 1804 plus
449 1729 620 1788 auctoritatis
633 1730 738 1788 iuesset
750 1731 884 1800 consiliis,
905 1734 929 1790 si

47 1807 322 1868 seditiomiteseeret.
927 1815 934 1824 ’

78 1883 154 1943 XIX.
176 1884 331 1960 Postquam
339 1885 368 1942 in
376 1892 530 1959 conspectu
544 1884 647 1954 Pudus,
658 1891 689 1942 et
700 1897 756 1944 nox
767 1888 927 1962 appetebat,

46 1961 136 2020 uallari
158 1969 252 2021 castro
278 1962 391 2036 placuit.
434 1963 461 2018 Is
483 1963 566 2018 labor
586 1963 693 2018 urbano
706 1963 786 2019 nnlrtr
800 1965 927 2021 insolitus

45 2041 162 2098 contudit
175 2040 292 2096 animos.
336 2037 768 2111 Tumveturtissimusquisque³
793 2039 929 2112 castigare
1032 2086 1038 2102 .

46 2117 256 2175 ‘credulitatem
281 2121 371 2181 suani,
391 2123 497 2172 metum
522 2133 556 2171 ac
579 2113 740 2170 ‹nscnmen’
767 2115 929 2184 ostendere,
1033 2128 1046 2158 ··

46 2193 160 2252 ‘sicum
173 2193 306 2258 exercitu
327 2192 454 2260 Caecins,
482 2190 641 2267 patentibus
654 2190 771 2266 campis,
792 2197 848 2247 tom
862 2209 928 2266 pau·

45 2278 109 2328 ‘cue
118 2273 252 2329 cobortes
265 2269 512 2329 circumfudisset!
554 2267 675 2344 Jamque
683 2267 747 2327 totis
760 2268 859 2328 castris
869 2287 928 2328 mo·

44 2345 107 2407 desti
120 2366 276 2418 sermones,
298 2355 337 2416 et,
357 2347 545 2408 inserentibus
565 2365 597 2406 se
615 2346 826 2405 centurionibus
839 2348 927 2408 tribu·

73 2521 242 2576 linritobut.
254 2561 261 2574 .
272 2561 279 2573 .
291 2518 411 2576 nomn
419 2523 693 2592 Ibunerbenonosque
706 2516 808 2574 Padus.
816 2521 928 2592 Qqupe

45 2593 84 2657 qui
93 2591 186 2652 Rheni
203 2591 407 2657 fluminumque
426 2591 566 2657 majorum
575 2592 667 2657 spatis
675 2590 827 2656 equitando
839 2601 928 2644 nens-

45 2661 145 2715 nrittere
156 2660 375 2712 consuevissent.

70 2726 205 2798 QSpretis
224 2722 422 2777 centurionibus
444 2721 618 2790 tribuendoque,
637 2721 835 2792 procidentium
852 2725 929 2780 ducis

44 2795 221 2854 laudantibus.
239 2791 507 2860 Vocesposteriores
517 2789 647 2854 Pichenn,
656 2792 794 2844 Gruterus
805 2791 930 2860 phresIrn

45 2879 124 2922 rotem
134 2865 249 2930 inducit,
262 2871 406 2930 tn'rnqunm
429 2859 662 2914 inculcetemhoo
682 2861 744 2912 Ioco
756 2875 792 2912 ex
802 2859 844 2926 iis,
868 2879 928 2930 quse

44 2935 215 3002 poullbinfrb
236 2929 437 3002 subjiciuntur:
457 2928 656 2984 centurionibus
675 2928 849 2999 tribunisque,
868 2933 927 2996 lou-

45 3006 99 3060 dori
106 3003 276 3078 prouidentia
285 2999 380 3058 ducis:
392 3002 431 3056 its
440 3002 515 3054 enim
523 2999 641 3070 legimns
649 3017 685 3053 cx
694 3001 848 3055 certissimo
856 3003 926 3058 Gro-

45 3079 113 3130 novii
122 3077 292 3146 conjecturo,
305 3089 391 3144 quum
403 3073 432 3126 in
443 3070 519 3125 Flor.
532 3083 560 3126 et
576 3069 666 3140 Regio
677 3071 811 3127 mendose
823 3075 926 3129 scribo-

46 3155 85 3198 tur
93 3143 296 3216 procidentium.
337 3200 340 3205 ,

75 3215 92 3269 3
106 3211 394 3280 monstruosissimus
414 3209 532 3282 quisque.
570 3210 614 3284 Its
628 3209 703 3282 Elsr.
716 3211 833 3280 Regius,
841 3213 927 3268 editio

48 3285 131 3348 purime
142 3297 169 3341 et
179 3282 341 3338 Rhenanus.
378 3283 448 3338 Aliis
469 3283 575 3350 placuit
592 3279 782 3346 moestissimus,
801 3281 861 3334 eliis
873 3298 926 3335 mo-

48 3352 214 3424 destissime,
233 3351 293 3407 iliis
301 3352 482 3407 inertissimus
491 3371 501 3416 ,·
519 3352 638 3420 denique
651 3350 677 3403 J.
691 3350 849 3405 Gronovius
868 3351 942 3406 edi·'

49 3423 83 3476 dit
93 3423 321 3490 uecordissimus:
340 3424 388 3478 sed
399 3423 565 3491 conjecturis
574 3422 665 3490 potior
677 3437 741 3476 mss.
752 3419 844 3476 lectio,
877 3422 924 3478 Va.
950 3461 953 3464 .

50 3491 289 3559 retinendarum
300 3495 436 3558 dicuntur,
444 3493 491 3560 qui
499 3491 706 3560 pluriumeront
715 3491 922 3563 stipendiorum,

51 3574 78 3611 ao
89 3563 192 3638 priores
203 3565 266 3618 ideo
279 3565 314 3618 ud
326 3579 424 3618 sunem
434 3563 559 3684 negem
570 3562 705 3616 redibunt.
957 3625 967 3633 .

885 3665 890 3670 ·
903 3655 929 3690 „d
