2254 3960
141 335 195 390 ssbl
405 333 439 390 0.
457 329 570 388 CORN.
588 322 724 385 rtem
849 344 878 384 Δ.
898 343 927 385 o.
947 345 976 384 e.
997 327 1067 384 ssi.

141 487 267 557 votoque
290 481 385 541 moris
407 479 495 538 semel
520 475 690 552 transigitur.
732 473 779 534 Sic
804 483 891 534 uuum
914 476 1065 553 accipiunt

143 559 283 628 maritum,
297 575 352 633 quo
366 557 447 614 modo
460 564 546 614 unum
559 570 675 630 corpus,
688 569 826 629 unamque
836 554 935 623 vitam,
950 573 989 612 ne
1003 555 1063 611 ulla

145 635 274 710 cogitatio
296 634 378 709 uitri,
392 650 429 690 ue
451 632 563 706 longior
583 629 730 706 cupiditas,
750 649 787 688 ue
810 638 954 706 mmqnam
975 631 1061 688 mari-

144 717 213 780 tum,
227 712 277 768 sed
299 718 439 785 tamquam
463 708 671 768 matrimonium
694 715 796 766 ament.
836 706 1001 766 Numerum
1027 709 1060 765 li·

143 788 277 846 berorum
298 785 391 854 finire,
413 793 460 844 aut
480 803 648 862 quemquam
668 803 705 843 ex
725 785 829 860 agnatis
848 803 968 855 necare,
982 785 1059 859 dagi-

144 865 212 922 tium
225 865 363 922 habetur:
386 865 508 939 plusque
528 864 568 920 ibi
588 863 762 920 boui-mores
775 863 880 932 valent,
894 864 982 938 quim
995 862 1060 921 alibi

142 942 224 998 bonae
238 942 265 998 le
284 960 326 999 es.
362 971 366 980 .
1064 987 1066 992 .

131 1059 133 1066 .
181 1018 246 1075 XX.
266 961 302 1076 in
316 1019 391 1076 omni
402 1019 485 1076 domo
499 1019 566 1076 nudi
580 1035 612 1076 ae
624 1017 780 1087 sordidi,in
790 1017 843 1076 hos
856 1025 945 1087 artus,
958 1017 989 1075 in
998 1019 1061 1076 haec

142 1112 277 1171 corpora,
291 1116 354 1173 quae
368 1098 512 1164 miramur,
526 1103 705 1154 excrescunt.
746 1095 802 1152 Sua
815 1113 959 1174 quemque
969 1103 1061 1153 mater

143 1171 280 1232 uberibus
301 1176 359 1244 alit,
373 1194 426 1232 nec
448 1173 554 1231 ancillis
568 1189 601 1230 ac
614 1173 770 1232 nutricibus
782 1173 958 1248 delegantur.
1003 1173 1058 1230 Do·

143 1252 250 1310 minum
263 1270 295 1310 sc
308 1271 423 1310 servum
437 1251 519 1308 nullis
533 1250 705 1307 educationis
715 1251 824 1309 deliciis
834 1251 1007 1325 dignoscas*
1015 1250 1058 1307 ln-

144 1333 191 1387 ter
204 1329 301 1389 esdem
315 1349 429 1405 pecora,
443 1329 472 1386 in
490 1328 589 1386 eidem
601 1328 687 1386 humo
699 1328 814 1403 degum,
827 1329 918 1386 donec
932 1334 1002 1386 aetas
1015 1345 1062 1384 seu

142 1415 228 1482 paret
243 1408 390 1482 ingenuos,
404 1405 492 1463 virtus
514 1413 651 1480 agnoscat.
693 1407 763 1463 Sera
779 1406 919 1481 juvenum
940 1403 1055 1462 Venus:

144 1485 240 1560 eoque
252 1485 416 1542 inexhausta
430 1485 582 1557 pubertas:
605 1500 658 1540 nec
671 1483 795 1557 virgines
805 1481 991 1553 festinantur;
1013 1501 1058 1540 ea·

143 1559 209 1618 dem
217 1561 346 1636 juventa,
358 1560 457 1619 similis
471 1561 645 1633 proceritas:
666 1579 752 1636 pares
765 1559 925 1636 validaeque
938 1559 1057 1618 miscen-

142 1643 208 1694 tur:
231 1656 262 1696 ao
283 1638 385 1696 robora
406 1643 554 1710 parentum
569 1637 653 1694 liberi
666 1637 803 1698 referunt.
844 1637 983 1696 Sororum
995 1637 1059 1696 filiis

140 1713 219 1770 idem
232 1715 305 1789 apud
319 1713 498 1781 avunculum,
513 1715 561 1790 qui
575 1714 650 1790 apud
663 1723 782 1790 patrem,
795 1715 898 1774 honor.
939 1715 1058 1784 Quidam

144 1790 312 1849 sanctiorem
322 1791 530 1866 arctioremque
541 1792 616 1850 huuc
625 1811 728 1850 nexum
738 1793 876 1868 sanguinis
887 1793 1059 1851 arbitrantur

144 1876 174 1926 et
184 1869 212 1926 in
227 1870 397 1946 accipiendis
407 1869 549 1926 obsidibus
559 1869 645 1944 magis
656 1871 791 1944 exigrmt;
811 1877 952 1946 tamquam
961 1871 991 1940 ii,
1001 1871 1057 1928 eni·
1113 1897 1114 1947 q

144 1964 221 2005 mum
235 1947 350 2015 firmius,
365 1955 394 2004 et
409 1947 522 2004 domum
544 1947 624 2004 latids
646 1954 771 2006 teneant.
812 1947 944 2006 Heredes
966 1955 1057 2007 tamen

145 2042 382 2102 successoresque
392 2026 435 2084 aui
448 2025 551 2100 cuique
565 2025 667 2082 liberi:
689 2033 719 2083 et
731 2027 838 2083 nullum
851 2033 1054 2084 testamentum.

145 2102 175 2160 Si
187 2104 282 2174 liberi,
295 2124 351 2161 non
363 2110 437 2172 suut,
451 2103 596 2178 proximus
606 2103 706 2178 gradus
717 2103 746 2162 iu
756 2104 934 2179 possesione
943 2101 1055 2173 tratres,
1112 2101 1113 2183 i

143 2182 424 2315 {blitildis
445 2181 871 2332 distillet-tltztdl
871 2200 935 2322 {130⁰
936 2181 1056 2318 {dit

427 2299 434 2327 ‚
842 2302 849 2314 ,
1043 2292 1053 2303 .

144 2333 236 2391 bitatis
250 2336 352 2409 pretia.
1110 2291 1112 2422 1

184 2407 263 2468 xxi
305 2411 457 2486 Suscipere
467 2419 522 2470 tam
533 2411 699 2493 inimicitias,
709 2432 761 2472 seu
772 2414 869 2490 patris,
879 2433 929 2472 seu
940 2413 1053 2490 propin-

146 2489 205 2567 qui,
216 2507 300 2566 quam
313 2489 457 2568 amicitias,
468 2509 586 2549 necesse
595 2497 656 2563 est;
678 2510 731 2551 nec
741 2492 932 2568 implacabiles
944 2492 1053 2550 durant.

145 2568 246 2627 Luitur
258 2568 333 2626 enim
347 2567 430 2624 etiem
443 2567 622 2642 homicidium
635 2575 714 2628 certo
725 2577 915 2628 armentorum
927 2589 960 2628 ac
970 2587 1052 2646 pecu

145 2664 210 2706 ¹rum
242 2665 371 2714 numero,
404 2646 563 2722 recipitque
596 2646 811 2706 satisfactionem
842 2647 975 2708 universe
1005 2648 1052 2706 do·
1109 2669 1110 2674 ¹

146 2741 231 2783 mus:
265 2724 372 2782 utiliter
396 2723 425 2780 in
451 2724 619 2798 publicum
652 2725 718 2802 quia
742 2724 962 2800 periculosiores
992 2733 1053 2782 suut

145 2801 299 2860 inimicitie
314 2802 395 2877 juxta
408 2802 577 2860 libertatem.
618 2801 802 2861 Convictibus
816 2810 845 2860 et
859 2803 986 2878 hospitiis
999 2821 1054 2871 non,

145 2879 199 2936 alia
217 2898 286 2954 gens
306 2878 419 2936 effusius
439 2879 572 2954 indulget.
612 2881 827 2956 Quemcumque
839 2881 995 2938 mortalium
1009 2898 1050 2936 ar·
1108 2901 1109 2904 ¹

146 2974 214 3015 cere
228 2964 313 3025 tecto,
326 2955 404 3013 nefas
417 2957 537 3014 habetur
552 2979 559 3014 z
581 2975 634 3033 pro
654 2955 765 3015 fortuni
785 2957 904 3033 quisque
919 2957 1050 3033 apparatis

145 3034 238 3109 epulis
260 3033 375 3107 excipit.
416 3033 487 3092 Cdm
511 3032 653 3104 defecere,
668 3035 715 3109 qui
736 3035 821 3092 modo
840 3035 946 3113 hospes
966 3033 1051 3092 fuerat

43 3126 45 3135 ·
144 3117 315 3170 monstrator
327 3109 438 3184 hospitii
453 3117 482 3168 et
494 3127 600 3180 comes,
614 3112 770 3186 proximam
786 3113 903 3186 ¹domum
916 3129 970 3168 nou
983 3111 1048 3170 iuvi·

146 3195 194 3246 tati
214 3188 336 3256 adeunt;
357 3205 409 3244 uec
429 3188 565 3255 interest:
587 3189 648 3264 pari
671 3188 843 3246 humanitate
865 3187 1045 3264 accipiuntur.

147 3261 252 3320 Notum
265 3263 443 3338 ignotumque
457 3272 590 3340 quantum
603 3265 638 3322 ad
652 3267 701 3342 jus
714 3265 840 3341 hospitii,
853 3282 938 3323 nemo
950 3263 1047 3324 discer-

142 3336 197 3392 nit.
237 3339 369 3405 Abeunti,
388 3340 412 3395 si
432 3340 498 3414 quid
519 3359 557 3415 po
579 3343 692 3411 oscerit,
712 3341 872 3400 concedere
895 3343 1000 3400 moris:
1022 3349 1048 3400 et

146 3411 281 3478 poscendi
294 3412 414 3470 invicem
427 3415 527 3473 eadem
546 3357 673 3475 ticilitas.
715 3417 847 3476 Gaudent
866 3417 1045 3478 muneribus:

146 3479 198 3532 sed
210 3498 262 3537 nec
275 3483 337 3542 data
349 3487 485 3563 imputant
498 3507 552 3550 uec
566 3495 690 3571 acceptis
704 3494 879 3570 obligantur.-
