2214 3986
63 355 84 427 ί.
102 388 128 428 0.
139 375 182 430 ao.
282 373 438 432 msron.
456 375 529 430 mn.
546 375 724 434 rsnrrus.
900 379 949 436 rm

65 519 135 579 ‘riae
146 534 147 540 ’
159 521 298 596 lamaeque
321 521 433 596 partein
453 531 638 598 capesseret:
661 541 724 581 esse
745 519 787 582 illi
805 517 956 604 proprium

63 598 199 657 ‘militem
219 599 377 655 cohortium
398 601 567 657 urbanarum
582 623 589 657 :
612 619 666 660 nec
681 601 824 660 defuturos
838 597 956 679 vigilum

62 675 240 744 ‘cohortes,¹
255 677 371 733 servitia
384 677 520 750 ipsorum,
533 677 675 736 fortunam
696 681 827 754 partium,
845 689 875 738 et
893 699 951 739 om·

62 755 127 830 ‘nia
149 772 239 830 prona
254 754 419 826 victoribus.
460 754 506 810 Ne
521 755 641 812 Antonio
655 755 792 832 Varoque
806 759 842 816 de
863 759 952 834 glorit

61 839 69 865 ‘
83 831 264 888 concederet.
306 829 411 888 Paucas
425 829 542 888 Vitellio
556 833 699 901 cobortes,
714 839 743 890 et
755 837 859 894 maestis
873 836 951 893 undi—

61 917 140 984 ‘.que
162 909 264 965 nuntiis
287 909 435 982 trepidas:
458 909 557 982 populi
577 911 710 967 mobilem
723 912 864 984 animum3
887 921 916 970 et
928 915 952 971 si

59 995 120 1062 ‘sel
139 985 242 1043 ducem
266 985 446 1060 prmbuisset,
472 985 585 1042 easdem
615 987 676 1044 illas
703 987 872 1048 adulationes
899 1008 952 1066 pro

58 1061 260 1138 ‘Vespasiano
279 1060 352 1118 fore.
394 1062 490 1135 Ipsum
503 1059 650 1119 Vitellium
671 1081 707 1119 ne
728 1067 873 1140 prosperis
891 1068 952 1142 qui·

58 1150 65 1176 ‘
79 1139 148 1197 dem
158 1157 281 1214 parem3
305 1138 377 1195 adeo
388 1137 533 1194 ruentibus
544 1138 727 1197 debilitatum.
767 1141 893 1200 Gratiam
903 1162 952 1218 pa-

58 1216 149 1275 ‘trati
161 1212 231 1271 belli
245 1233 333 1289 penes
348 1233 423 1283 eum,
438 1213 485 1288 qui
498 1215 599 1271 urbem
613 1217 788 1290 occuptsset.
830 1219 863 1276 ld
875 1221 952 1278 Sabi·

59 1305 117 1352 ‘no
133 1292 301 1361 convenire,
314 1300 346 1348 ut
364 1291 515 1366 imperium
534 1291 613 1348 fratri
634 1299 818 1366 reservaret3
840 1295 869 1352 id
881 1295 952 1355 Ves-

57 1377 66 1405 ‘
79 1370 209 1450 pasiano,
222 1373 254 1426 ut
266 1369 356 1426 ceteri
370 1377 434 1443 post
447 1369 581 1425 Sabinum
594 1369 790 1428 haberentur)

94 1447 188 1505 LXV.
232 1445 315 1503 Haud
336 1463 476 1522 quaquam
493 1452 591 1503 erecto
613 1448 704 1504 animo
718 1466 766 1506 eas
780 1465 868 1506 voces
881 1447 954 1508 acci·

58 1527 167 1604 piabat,
180 1518 317 1581 indalidus
331 1521 471 1580 εεεινὲοῐὲι.2
510 1523 672 1600 Erant,'qui
685 1527 802 1583 occultis
816 1527 953 1602 suspicio·

57 1605 142 1661 nibus
163 1602 348 1669 incesserent,
363 1607 501 1675 tamqnam
515 1601 637 1658 ‘invidia
650 1609 680 1659 et
699 1603 876 1661 aemulatione
896 1601 954 1662 sor-

57 1687 157 1738 tunam
182 1678 276 1737 fratris
309 1685 478 1735 moraretur.
533 1677 664 1754 Namque
695 1679 810 1740 Flavius
837 1679 953 1740 Sabinus

61 1767 144 1816 ae'tate
164 1758 254 1832 prior,
269 1756 385 1831 privatis
403 1756 550 1831 utriusque
569 1759 666 1825 rebus,
681 1759 844 1816 auctoritate
866 1777 953 1834 pecu·

59 1837 162 1912 nidque
175 1833 378 1909 Vespasianum
396 1834 526 1890 anteibat.
568 1833 605 1891 Et
625 1835 797 1892 credebatur
816 1833 953 1894 adfectam

60 1911 122 1988 'ejus
145 1911 230 1969 fidem
250 1911 429 1986 praejuvisse‚
443 1911 526 1966 domo
548 1912 677 1986 agrisque
695 1913 806 1986 pignori
820 1915 952 1988 acceptis.

60 1989 144 2047 Unde
168 2007 335 2065 quamquam
353 1995 483 2044 manente
499 1987 528 2043 in
552 1989 678 2062 speciem
690 1989 852 2058 concordii,
866 1989 954 2047 offen·

60 2086 155 2126 sarum
174 2077 273 2142 operta
286 2052 493 2121 metuebantur.
535 2063 641 2120 Melior
661 2066 868 2140 interpretatio,
882 2073 890 2099 ‘
902 2067 953 2123 mi-

58 2153 141 2202 ‘tem
164 2145 256 2202 virum
278 2143 434 2210 abhorrere
458 2161 474 2197 a
492 2142 624 2215 sanguine
644 2149 674 2198 et
694 2141 839 2213 cmdibus3
862 2143 955 2277 ⁸⁶2,oe

61 2223 195 2280 ‘crebris
217 2240 282 2279 cum
305 2219 422 2276 Vitellio
442 2219 618 2275 sermonibus
639 2219 675 2276 de
699 2238 781 2294 pace,
805 2237 899 2296 ponen
920 2219 954 2278 's-

62 2306 69 2335 ‘
83 2319 140 2376 que
154 2318 208 2375 per
220 2297 409 2356 conditionem
423 2297 516 2364 armis,
531 2296 656 2370 agitare’
697 2298 780 2373 Saepe
800 2296 875 2355 domi
888 2317 954 2356 con·

61 2378 160 2454 gressi,
180 2377 326 2509 postremo
348 2374 375 2432 in
397 2374 458 2432 aede
482 2375 630 2450 Apollinis,
652 2381 682 2432 ut
704 2375 776 2432 fama
796 2375 859 2444 fuit,
873 2376 954 2452 pepi·

60 2475 138 2530 gere.
208 2455 277 2511 erba
296 2470 440 2527 vocesque
460 2452 529 2510 duos
549 2460 636 2510 testes
656 2453 806 2524 habebant,
821 2453 955 2512 Cluvium

62 2532 167 2590 Rufum
188 2539 217 2588 et
237 2531 344 2587 Silium*
356 2529 494 2587 Italicum.
543 2530 646 2587 Vultus
672 2532 774 2606 procul
797 2531 954 2588 visentibus

61 2612 252 2680 notabantur3
274 2607 384 2664 Vitellii
405 2608 548 2682 projectus
569 2615 599 2664 et
618 2607 753 2682 degener,
768 2607 886 2666 Sabinus
899 2625 955 2664 non

60 2687 204 2756 insultans,
218 2693 247 2744 et
259 2685 402 2742 miseranti
416 2685 543 2758 propior.

99 2763 204 2821 LXVI.
245 2763 328 2833 Quod
348 2762 371 2820 si
392 2767 447 2817 tam
466 2759 546 2814 facile
567 2776 682 2815 suorum
701 2764 809 2816 mentes
828 2758 955 2818 flexisset

61 2838 204 2910 Vitellius,
219 2843 302 2917 quam
322 2841 384 2914 ipse
405 2844 541 2902 cesserat,
554 2835 740 2903 incruentam,
754 2833 866 2894 Urbem
879 2836 951 2895 Ves-

61 2919 166 2994 pasiani
180 2919 323 2977 exercitus
337 2917 477 2974 intrtsset.
500 2923 504 2932 “
519 2912 665 2981 Ceterum,
679 2920 711 2971 ut
743 2912 842 2988 uisque
863 2912 953 2972 Vitel-

14 3069 15 3074 .
60 2997 100 3054 lio
119 2997 202 3067 fidus,
221 2998 260 3056 ita
277 3013 379 3072 pacem
402 3001 431 3050 et
451 2991 625 3049 conditiones
646 2993 736 3050 abnue
758 2998 813 3054 ant.
833 2989 952 3049 ‘discri-

97 3194 112 3247 1
135 3192 256 3265 Vigitum
269 3193 391 3248 cobortes.
429 3190 500 3250 Quae
521 3205 586 3244 oum
606 3189 697 3244 hamis
714 3199 743 3242 et
761 3188 954 3269 uqnsvigilins
1024 3241 1028 3250 ,

62 3265 197 3320 curabant
211 3265 325 3318 vicibus.
362 3261 414 3314 llae
425 3261 555 3312 videntur
567 3258 652 3312 fuisso
664 3259 783 3312 militum
801 3258 888 3311 infimi
906 3273 953 3326 gs·

62 3335 145 3401 neris,
157 3334 233 3388 unda
250 3329 362 3387 aemilia
379 3333 510 3384 dicuntur
528 3329 698 3381 urbanorum
713 3327 839 3392 militum,
852 3325 952 3395 quibus

61 3413 156 3458 tannen
168 3405 266 3457 ordino
278 3402 447 3472 praestabunt
460 3400 560 3452 milites
571 3397 737 3466 pretoriani.

96 3471 114 3524 2
131 3470 272 3527 invalidus
283 3474 395 3525 scaeda.
422 3469 508 3524 Addit
525 3469 614 3521 oodox
624 3467 787 3536 llyokianus
804 3481 952 3536 sensuque:

62 3541 126 3594 indo
138 3543 173 3596 de
184 3559 215 3595 as
227 3542 315 3595 formo
331 3541 448 3609 paginas
466 3539 630 3606 transponit,
643 3551 703 3608 quae
715 3537 892 3610 transpositio
904 3551 953 3607 pn·-

61 3609 128 3664 ritor
138 3613 168 3666 in
179 3611 255 3667 Flor.
268 3621 297 3665 et
308 3609 399 3680 Regio
411 3609 506 3730 ὴωτοὸ.
520 3677 539 3732 2
