2254 3960
125 379 182 440 aas
409 381 444 440 c.
462 379 575 442 coru.
596 379 730 438 rscrrr
859 397 928 440 ss.
941 383 1035 439 assa
1107 351 1109 370 ⁴

130 531 204 602 citis,
217 529 312 591 futura
331 531 469 606 effugisse.
510 530 595 599 Num,
609 531 695 588 sioutl
707 529 810 588 durare
831 530 860 588 ir
871 530 922 588 bac
932 530 1039 588 beans--

130 609 193 669 sini
213 611 311 670 seculi
330 611 404 679 luce,
427 629 460 668 ac
482 607 644 683 Principem
665 607 819 683 Trajanun
842 607 1034 682 videre,qund

131 687 246 761 augurio
260 687 386 761 rotisque
407 687 480 762 apud
500 694 611 744 nostras
625 703 706 742 aures
720 685 913 756 omiaabatm3
933 684 969 742 ita
980 681 1033 740 ies-

129 763 223 822 tinatas
236 764 331 821 mortis
350 763 455 835 grande
476 764 606 820 solatium
627 762 700 830 tulit,
722 761 845 819 evasisse
866 768 1035 836 postremum

129 839 198 896 illud
212 847 331 913 tempus,
346 858 402 913 quo
423 840 599 898 Domitianus
619 856 675 896 non
691 839 752 913 jam
771 856 825 912 per
844 838 992 895 intervalla
1003 857 1035 896 ac

128 917 295 990 spiramenta
317 923 489 992 temporum,
509 917 561 974 sed
582 916 725 983 corfinus,
744 921 773 972 et
792 915 871 972 velut
893 933 948 972 uno
970 916 1034 985 ictu,

129 991 331 1068 rempublicam
344 995 484 1053 exhausit.

167 1067 256 1124 XLV.
299 1069 364 1126 Non
373 1071 443 1128 vidit
456 1071 586 1144 Agricola
600 1071 742 1126 obsessam
755 1068 861 1126 curiam
874 1075 905 1126 et
916 1071 1036 1128 clausum

128 1146 213 1203 armis
226 1155 362 1216 senatum,
374 1155 403 1204 et
413 1149 512 1205 eadem
521 1155 614 1220 strage
624 1153 665 1202 tot
675 1145 866 1202 consularium
874 1147 980 1216 caedes,
988 1156 1035 1216 tot,

127 1223 361 1281 nobilissimarum
382 1224 547 1282 feminarum
569 1223 667 1280 exsilia
687 1233 716 1278 et
735 1221 823 1296 sugas.
866 1223 931 1282 Una
950 1225 1037 1282 adhuc

127 1301 247 1358 victoria
261 1301 351 1358 Carus
365 1301 470 1360 Metius
482 1301 661 1367 censebatur,
675 1306 704 1356 et
716 1300 789 1356 intra
801 1300 937 1358 Albanam
946 1320 1036 1359 arcem

127 1378 265 1434 sententia
285 1378 428 1436 Messalini
448 1379 602 1453 strepebat,
616 1385 645 1434 et
667 1375 761 1434 Massa
784 1377 890 1436 Bebius
908 1379 1036 1454 jamtiun

128 1471 194 1512 reus
217 1461 288 1512 eret.
329 1455 398 1513 Mox
412 1464 514 1513 nostras
533 1456 640 1512 diuers
661 1452 824 1512 Helvidium
844 1456 873 1511 in
894 1473 1036 1514 carcerem

126 1549 222 1588 manus
236 1553 243 1586 ε
265 1549 316 1589 nos
329 1531 459 1600 Maurici,
475 1532 638 1606 Rusticique
657 1532 744 1598 visus,
758 1549 807 1588 nos
820 1532 962 1590 innocenti
974 1551 1034 1590 san·

125 1609 209 1681 garine
220 1601 339 1663 Senecio
350 1607 484 1682 perfudit.
525 1607 605 1665 Nero
615 1609 852 1666 taruansubtrarit
862 1611 969 1678 oculos,
975 1611 1034 1685 jus-

126 1684 218 1757 sitque
238 1685 357 1750 scelera,
371 1702 427 1739 non
446 1685 595 1758 spectavit.
637 1683 786 1760 Praecipua
805 1687 857 1742 sub
871 1687 1036 1754 ¹Domitiano

125 1759 300 1817 miseriarum
313 1775 379 1834 pars
392 1765 464 1828 erat,
478 1760 577 1825 videre
591 1769 620 1818 et
635 1763 741 1836 aspici:
762 1762 826 1818 edm
839 1765 961 1838 suspiria
972 1783 1035 1824 nos·

125 1844 169 1894 tra
181 1836 445 1894 subscriberentur:
467 1839 531 1896 clim
540 1838 704 1895 denotandis
717 1846 758 1896 tot
771 1840 914 1897 bominum
924 1843 1036 1916 pallori·

125 1914 178 1972 bus
191 1913 335 1972 sufficeret
346 1928 439 1972 serus
453 1915 501 1972 ille
511 1917 605 1972 vultus
619 1923 649 1972 et
661 1916 759 1982 nabor,
771 1935 827 1990 quo
834 1935 867 1973 se
877 1926 975 1976 contra
984 1938 1035 1993 pu·

126 1991 224 2048 dorem
237 1992 387 2048 muniebat.
429 1991 478 2048 Tu
491 1990 655 2059 verdfelix,
669 1993 810 2064 Agricola,
824 2012 882 2051 non
896 1995 961 2052 vita
975 2003 1035 2053 tan-
1108 2045 1109 2072 ,

124 2067 182 2124 tan
193 2069 479 2136 claritate‚sedetiam
489 2069 697 2145 opportunitate
707 2071 821 2126 mortis:
843 2078 874 2127 ut
884 2072 1037 2145 perbibent
1108 2077 1109 2080 ’

125 2145 173 2218 qui
187 2143 374 2203 interfluerunt
387 2147 545 2204 novissimis
556 2145 732 2203 sermonibus
745 2148 810 2215 tuis,
820 2159 949 2204 constans
962 2155 992 2206 et
1002 2149 1034 2206 li-

123 2219 194 2277 bens
215 2221 301 2280 fatum
324 2224 472 2298 excepisti,
490 2231 628 2298 tamquam
649 2241 703 2296 pro
720 2223 796 2278 virili
810 2225 942 2297 portione
954 2225 1034 2282 inno-

124 2297 244 2354 centiam
257 2298 382 2372 Principi
394 2300 524 2357 donares.
546 2299 603 2355 Sed
616 2299 683 2354 mihi
694 2298 827 2372 filiaque,
838 2305 946 2372 praeter
954 2319 1034 2359 acer·

123 2372 236 2428 bitatem
259 2375 382 2446 parentis
404 2377 507 2449 erepti,
521 2383 605 2447 auget
625 2375 797 2442 moestitiam,
809 2376 885 2450 quiid
905 2375 1033 2436 adsidere

123 2447 287 2518 valetudini,
306 2448 407 2507 fovere
430 2451 619 2520 deficientem,
642 2451 737 2508 satiari
760 2452 849 2520 vultu,
871 2453 1033 2528 complexu,

123 2544 179 2583 non
191 2527 325 2601 contigit:
348 2529 558 2604 excepissemus
571 2529 649 2586 certi
663 2529 788 2586 mndata
800 2547 956 2603 vocesque,
965 2549 1033 2609 quas

123 2603 232 2678 penitds
246 2603 336 2663 animo
349 2603 509 2677 figeremus.
550 2605 658 2662 Noster
670 2605 716 2662 liic
728 2605 821 2674 dolor,¹
832 2613 957 2662 nostrum
971 2609 1032 2664 vul

18 2727 21 2736 ,
122 2699 193 2751 nus3
213 2681 293 2738 nobis
307 2689 363 2737 tam
376 2683 465 2755 longa
479 2683 612 2740 absentias
626 2678 785 2739 conditione
799 2689 862 2739 ante
883 2683 1032 2758 quadrien-

122 2757 198 2814 nium
221 2759 337 2816 amissns
358 2777 399 2815 es.
440 2759 541 2816 Omnia
560 2760 620 2822 sine
641 2759 736 2826 dubio,
751 2760 856 2835 optime
871 2768 1030 2834 parentum,

122 2833 265 2892 adsidente
278 2835 461 2892 amandatos
473 2855 573 2904 uxore,
584 2835 752 2910 superfuere
763 2837 864 2894 honori
873 2845 921 2894 tuo
933 2859 940 2893 ι
962 2857 1030 2912 pau·
1108 2887 1109 2912 ,

120 2910 243 2968 cioribus
263 2917 354 2970 umen
373 2913 504 2989 lacrymis
527 2912 697 2988 compositus
720 2931 763 2983 es,
777 2920 807 2970 et
828 2913 981 2971 novissima
1001 2917 1032 2975 in

120 2987 185 3044 luce
197 2987 395 3045 desideravere
409 2990 512 3066 aliquid
525 2989 600 3047 oculi
610 2990 663 3048 tui.
732 3046 737 3055 ,

158 3062 261 3120 XLVI.
284 3065 382 3140 Siquis
393 3067 504 3140 piorum
513 3067 638 3126 manibus
651 3068 749 3136 locus;
770 3069 804 3136 si,
818 3075 849 3124 ut
857 3067 1030 3142 sapientibus

68 3199 71 3204 ,
119 3141 222 3214 placet,
233 3160 288 3198 non
298 3159 361 3199 cum
372 3161 494 3217 corpore
504 3144 717 3217 exstinguuntur
726 3163 834 3218 magum
844 3145 953 3202 anime:
969 3149 1029 3220 pla·
1103 3177 1107 3186 ·

119 3216 180 3272 cide
193 3217 338 3291 quiescas,
357 3237 477 3294 nosque,
487 3219 693 3288 domumtuam,
704 3222 740 3277 ab
752 3218 864 3278 infirmo
874 3222 1027 3294 desiderio,

116 3297 148 3344 et
160 3292 342 3349 muliebribus
355 3295 482 3352 lamentis
495 3297 530 3352 ad
542 3297 807 3373 contemplationem
821 3299 955 3356 virtutum
968 3307 1027 3359 tuan

111 3378 180 3426 ¹riam
193 3383 278 3422 voces
291 3385 360 3441 quas
371 3389 463 3444 neque
477 3372 577 3446 lugeri,
591 3392 685 3449 aeque
699 3376 791 3450 plangi
803 3373 844 3432 fas
855 3381 917 3434 esta
939 3377 1025 3435 admi·

118 3440 214 3512 natoue
224 3445 252 3522 te
283 3443 353 3525 ptids
362 3447 563 3520 temporalibus
574 3451 712 3520 laudibus,
723 3457 763 3521 et,
773 3453 797 3510 si
810 3459 908 3516 natum
920 3471 1024 3530 suppa·
1108 3503 1109 3510 ,

22 3590 28 3598 .
116 3457 383 3594 distendenda
397 3520 560 3585 decorosus.
603 3527 726 3594 lsrerus
737 3529 1034 3618 bonoaeaconiunsg
