2214 3986
50 370 72 406 s.
88 367 118 408 ο.
135 351 183 408 oo.
251 347 439 412 urerer.
457 337 528 410 u'tn
547 323 725 412 raterius.
888 355 942 414 rsa

89 499 223 558 LXVlll.
274 499 337 561 Nec
363 501 508 579 quisquam
533 502 605 561 adeo
631 521 729 562 rerum
758 502 942 564 humanarum

51 579 306 654 immemor,queu1
326 597 382 646 nou
401 589 595 638 commoveret
607 581 656 638 illa
669 581 768 650 facies,
783 580 942 640 Romanurn

51 654 223 730 Principem.
249 665 278 714 et
303 656 415 734 generis
441 658 553 714 humaui
579 659 674 734 paullo
700 660 762 716 ante
787 658 942 724 domiuum,
998 724 1002 736 ,

52 732 151 789 relictt
163 730 282 792 fortm
300 751 359 790 sue
378 731 458 801 sede,
471 751 526 808 per
539 737 685 809 populum,
698 753 753 810 per
765 737 877 802 urbem,
891 751 941 791 er-

50 809 92 866 ire
108 808 148 866 de
167 809 298 884 imperio.
339 809 419 872 Nihil
442 811 498 867 tale
521 811 661 880 viderant,
683 813 753 870 nihil
775 813 940 870 audierant.

49 886 199 961 repentina
208 889 255 949 rvis
268 887 434 944 dictatorem
454 886 599 944 Caesarem
619 897 800 965 oppresserat
816 912 823 960 ς
846 889 941 946 occul-

49 970 86 1020 ta
105 963 208 1020 Gaium
227 963 360 1022 insidia:
381 981 438 1020 nox
460 970 490 1020 et
511 963 635 1038 ignotum
655 985 714 1034 rus,
734 965 826 1041 fugem
847 961 941 1024 Nero-

47 1041 89 1096 nis
111 1040 336 1098 absconderant:
359 1039 425 1096 Piso
445 1047 475 1096 et
493 1039 585 1096 Galba
597 1049 736 1116 tamquam
749 1043 777 1100 iu
791 1045 852 1100 acie
866 1043 943 1101 ceci·
964 1053 968 1112 ,'

47 1118 119 1174 dere
134 1139 141 1187 3
163 1118 193 1173 in
206 1119 258 1186 sut
270 1117 406 1172 concione
419 1115 564 1188 Vitellius,
578 1117 650 1174 inter
660 1137 725 1174 suos
735 1120 847 1188 milites,
861 1139 941 1196 pros-

48 1193 227 1269 pectantibus
251 1193 336 1250 etiam
356 1193 476 1261 seminis,
494 1211 585 1268 pauca
600 1199 629 1250 et
651 1195 785 1268 prasenti
806 1197 942 1254 maestitiae

48 1271 234 1346 congruentia
256 1271 390 1331 locutus:
418 1269 556 1327 ‘Cedere
579 1289 610 1328 se
628 1270 706 1344 pacis
729 1277 758 1326 et
778 1272 942 1346 reipublicae

47 1349 157 1406 ‘caust
168 1357 176 1404 ἐ
199 1347 358 1423 retinerent
376 1349 482 1404 munim
503 1348 666 1406 memoriam
687 1348 741 1416 sul,
759 1346 945 1424 fratremque,

12 1456 19 1465 ·
48 1433 102 1482 ‘et
123 1425 283 1501 conjugem,
303 1431 333 1482 et
358 1425 499 1484 innoxiam
519 1426 676 1484 liberorum
697 1431 807 1482 etatem
828 1425 944 1482 misera-

49 1505 195 1560 ‘rentur.'-
209 1528 224 1554 e
250 1501 337 1575 Simul
371 1502 458 1559 filium
490 1503 674 1577 protendens,
701 1503 786 1560 modo
819 1502 944 1576 singulis,

1 1610 2 1613 ¹
48 1578 135 1638 modo
154 1579 295 1638 universis
315 1582 523 1649 commendans,
543 1584 689 1656 postremi)
712 1579 780 1638 fletu
802 1580 946 1656 praepedi-

49 1665 129 1726 ente,
143 1657 286 1716 adsistenti
305 1658 415 1714 consuli
439 1657 587 1737 (cecilius
609 1659 736 1735 Simplex
759 1658 835 1735 erat)
861 1675 968 1726 exso,

49 1736 140 1792 lutum
152 1755 173 1808 ‚a
184 1737 275 1792 latere
295 1734 548 1810 pugionem‚'velut
565 1737 613 1811 jus
633 1737 712 1794 necis
729 1736 853 1812 vitaque
873 1736 943 1796 eivi-

49 1831 106 1881 um,
123 1813 270 1870 reddebat.
314 1813 490 1888 Aspernante
510 1817 638 1882 consule,
651 1813 880 1881 reclamantibus,
895 1813 944 1888 qui

49 1890 230 1949 inconcione
245 1889 417 1958 adstiterunt,
431 1898 462 1946 ut
481 1889 510 1945 iu
530 1891 591 1947 aede
613 1891 780 1948 Concordiae
802 1891 944 1966 positurus
982 1917 985 1928 ·

50 1967 168 2042 iusignia
190 1968 312 2044 imperii,
333 1967 502 2041 domumque
523 1965 616 2024 fratris
635 1969 785 2043 petiturus,
805 1967 943 2027 discessit.

52 2045 145 2120 Major
165 2046 212 2102 hic
232 2044 557 2122 clamorlubsistentium
581 2046 728 2119 penatibus
749 2044 878 2118 privatis,
893 2053 900 2078 ‘
916 2045 946 2100 in

52 2131 59 2158 ‘
73 2124 221 2197 palatium’'
232 2123 392 2180 vocantium
406 2144 412 2177 :
436 2122 620 2187 interclusum
634 2121 708 2178 aliud
720 2121 786 2189 iter,
795 2120 886 2194 idque
898 2138 945 2176 so·

51 2202 120 2269 lum,
135 2195 209 2274 quod
222 2201 250 2256 in
271 2216 378 2256 sacram
403 2199 477 2255 viam
494 2206 637 2274 pergeret,
651 2199 785 2275 patebat:
806 2204 865 2254 tum
878 2215 946 2254 cona

52 2278 105 2334 silii
121 2277 213 2352 inops,
226 2279 255 2334 in
275 2277 408 2352 palatium
421 2277 514 2334 rediit.

85 2353 196 2412 LXIX.
237 2354 421 2420 Praevenerat
442 2373 548 2422 rumor,
570 2355 693 2431 ‘ejurari
715 2357 806 2414 abeo
829 2354 945 2430 imperi-

53 2442 124 2490 ‘um
136 2433 156 2489 τ’
175 2433 386 2507 scripseratque
409 2433 521 2490 Flauius
544 2432 661 2490 Sabinus
683 2435 842 2492 cohortium
854 2434 944 2491 tribu·

53 2512 105 2581 uis,
129 2519 182 2568 ‘ut
202 2511 319 2576 militem
345 2510 533 2567 cohiberent’
585 2511 672 2584 Igitur
691 2519 831 2586 tamquam
855 2512 948 2568 omnis

15 2603 17 2612 ’
54 2588 215 2666 respublica
233 2588 262 2644 in
285 2586 450 2662 Vespasiani
477 2587 568 2644 sinum
588 2588 730 2657 cessisset,
744 2589 883 2662 primores
903 2605 948 2644 se-

53 2669 143 2736 uattls,
166 2673 195 2723 et
220 2665 351 2741 plerique
381 2665 521 2740 equestris
547 2665 664 2730 ordinis,
691 2665 839 2738 omnisque
862 2664 946 2722 miles

54 2744 197 2813 Urbanus,
210 2751 240 2800 et
254 2743 363 2816 vigiles,
376 2743 492 2800 domum
510 2741 601 2796 Flavii
622 2740 718 2794 Sabini
737 2741 921 2813 complevere
935 2763 942 2798 ε

54 2821 122 2879 illuc
141 2821 178 2878 de
197 2821 295 2880 studiis
315 2819 401 2892 vulgi,
415 2825 445 2874 et
464 2816 545 2873 minis
566 2816 800 2872 Germanicarum
821 2816 945 2873 cohorti-

53 2915 100 2955 um
125 2897 260 2957 misertor.
308 2897 435 2970 Lougids
450 2893 511 2969 jam
533 2911 700 2969 progressus
721 2900 791 2961 erat,
813 2893 896 2966 qulam
915 2901 947 2952 ut

54 2976 168 3049 regredi
194 2982 314 3051 posset:
349 2981 379 3030 et
403 2991 454 3030 suo
482 2971 601 3046 quisque
627 2977 714 3039 metu,
741 2989 777 3027 ne
803 2969 946 3044 disjectos,

56 3055 151 3128 ebque
174 3053 265 3109 mimis
291 3051 409 3118 validos,
431 3048 578 3110 Vitelliani
600 3055 840 3116 consectarentur,
861 3065 946 3104 cunc-

55 3118 490 3206 tanteminarmaimpellebant.
533 3124 588 3184 Sed
609 3125 682 3202 quod
702 3125 731 3182 in
752 3124 887 3201 ejusmodi
901 3141 949 3182 re·
1015 3149 1020 3161 “

56 3209 109 3265 bus
124 3207 235 3276 accidit,
255 3201 403 3264 consilium
418 3207 452 3262 ab
467 3206 594 3263 omuibus
608 3203 700 3260 datum
709 3209 771 3275 pst„
788 3201 948 3278 periculum

56 3286 140 3360 pauci
150 3287 312 3360 sumpsere.
354 3283 439 3340 Circa
449 3283 541 3340 lacum
552 3280 687 3348 Fundani,
700 3279 947 3348 descendentibus,

57 3361 105 3436 qui
127 3363 260 3420 Sabinum
283 3361 496 3427 comitabantur,
517 3359 639 3426 armatis,
659 3364 812 3416 occurrunt
831 3371 947 3432 promp-

54 3439 165 3500 tissimi.
206 3438 351 3496 Modicum
370 3438 410 3496 ibi
432 3438 574 3512 proelium,
588 3435 741 3511 improviso
754 3435 883 3503 tumultu,
896 3433 949 3491 sed

57 3533 229 3590 prosperum
250 3515 407 3573 Vitellianis
427 3513 488 3573 luit.
523 3514 657 3581 Sabinus,
678 3529 710 3570 re
731 3512 851 3588 trepide,
873 3511 950 3588 quod·

57 3592 226 3654 tutissimum
248 3593 481 3672 eprasentibus,
508 3611 603 3652 arcem
624 3589 755 3666 Capitolii
777 3588 879 3648 insedit
896 3588 948 3646 mi·
990 3637 994 3642 .
1084 3575 1088 3596 ²
