2254 3960
93 341 130 394 s:
142 347 169 392 e.
186 328 233 392 m
450 330 669 392 urantur-A.
692 297 695 304 ’
964 332 1018 398 eoa

99 488 235 541 veterem
258 480 434 551 memoriam,
457 485 585 559 quamvis
611 483 722 543 mutatis
747 485 911 544 cultoribus.
960 487 1017 548 Sed

99 559 197 618 utrum
211 559 339 618 Aravisci
358 559 388 616 iu
408 558 579 621 Pannoniam
599 565 635 620 ab
653 561 729 632 Osis,
742 563 948 622 Germanorum
968 583 1016 624 na·

98 637 193 706 tione,
207 656 241 696 an
253 636 306 694 Osi
320 637 356 694 ab
369 637 511 702 Araviscis
525 639 554 696 in
566 640 747 699 Germaniam
760 637 1016 716 commigraverint,

98 715 168 773 ciam
182 715 283 772 eodem
292 714 384 774 adhuc
397 713 693 786 sermonerinstithtis,
702 717 826 776 moribus
840 727 962 787 utantur,
975 721 1016 778 in·

98 797 216 850 eertum
235 797 301 850 est:
324 811 391 868 qum
411 794 473 868 pari
497 795 563 850 olim
589 796 684 871 inopid
705 815 737 853 ac
757 796 898 865 libertate,
919 794 1018 856 eadem

98 869 252 946 utriusque
264 871 337 946 ripae
358 871 430 928 bona
453 872 581 946 malaque
602 880 691 934 erunt.
734 870 860 940 Treveri
874 881 903 933 et
916 873 1018 932 Nervii

95 947 183 1006 circa
208 947 426 1008 affectationem¹
439 948 618 1009 Germanicas
641 950 756 1024 originis
770 953 856 1010 ‘ultrd
882 951 1019 1011 ambitiosi

98 1031 180 1094 suut,
194 1031 345 1102 tamquam·
356 1044 410 1101 per
429 1028 501 1084 hanc
513 1027 630 1101 gloriam
643 1028 793 1102 sanguinis,
807 1031 1018 1088 sicmilitudine

49 1135 53 1142 ·
98 1110 134 1164 ot
159 1103 261 1168 iuertii
287 1102 435 1162 Gallorum
460 1111 637 1180 separentur.
690 1105 781 1179 lpsam
808 1105 903 1164 Rheni
929 1109 1019 1182 ripam

98 1180 181 1238 haud
201 1181 284 1239 dubie
307 1181 515 1240 Germanorum
535 1183 634 1258 populi
647 1184 753 1251 colunt,
764 1181 934 1257 Vangiones,
951 1185 1018 1243 Tri·

97 1259 181 1332 buci,
203 1258 350 1319 Nemetes.
400 1258 538 1318 Ne.Ubii
561 1261 684 1336 quidem,
706 1277 873 1336 quamquam
895 1261 1020 1324 Romana

98 1337 217 1396 colonia
225 1339 288 1396 esse
298 1338 466 1406 meruerint,
481 1357 513 1396 ac
524 1339 654 1396 libentius
667 1339 883 1416 Agrippinenses
892 1339 1019 1398 condito·

99 1415 144 1472 ris
165 1415 342 1474 suinomine
363 1424 513 1485 vocentur,
528 1417 635 1490 origine
657 1418 838 1484 erubescunt,
852 1419 1019 1492 transgressi

98 1493 182 1562 olim,
195 1500 226 1551 et
245 1495 442 1570 experimento
462 1494 528 1552 fidei
547 1513 635 1569 super
648 1495 735 1570 ipsam
750 1493 843 1552 Rheni
856 1495 946 1572 ripam
959 1497 1018 1553 col·

97 1571 199 1640 lanati,
214 1577 398 1648 utlarcerent,
412 1591 468 1630 non
474 1580 512 1630 ut
524 1573 742 1632 custodirentur.
782 1615 786 1620 ‚
877 1625 882 1632 .

29 1719 31 1721 ,
142 1647 251 1724 XXIX.
293 1650 425 1719 Omnium
439 1651 538 1708 harum
551 1653 673 1724 gentium
688 1653 793 1712 virtute
806 1652 944 1729 precipui
965 1651 1018 1717 Ba·

98 1729 173 1798 tavi,
184 1745 240 1788 nou
250 1729 366 1786 multius
375 1729 500 1805 euripi,
514 1729 564 1786 sed
578 1730 695 1787 insulam
710 1730 803 1788 Rheni
815 1733 901 1789 amnis
912 1733 1018 1802 colunt,

97 1803 251 1864 cattorum
265 1807 403 1882 quondam
416 1808 550 1883 populus,
564 1814 594 1864 et
606 1807 744 1865 seditione
758 1808 912 1867 domestici
925 1809 954 1866 in
969 1829 1017 1868 eas
1123 1817 1124 1822 ’

97 1883 186 1942 sedes
200 1892 400 1960 transgressus,
414 1885 442 1941 in
457 1885 557 1960 quibus
571 1903 636 1959 pars
651 1883 770 1942 Romani
784 1886 897 1962 imperii
905 1885 1017 1945 fierent.

98 1958 204 2020 Manet
216 1963 317 2033 honos,
331 1971 360 2022 et
381 1961 502 2039 antiquae
516 1961 657 2020 societatis
671 1963 796 2036 insigne:
819 1978 947 2020 nomnen
968 1965 1019 2022 tri-

98 2039 178 2098 butis
192 2048 420 2110 contemnuntur,
434 2057 487 2098 nec
502 2041 668 2116 publicanus
679 2041 773 2100 atterit
784 2062 794 2096 r
815 2041 940 2116 exempti
951 2059 1018 2100 one·

99 2119 181 2177 ribus
196 2127 224 2177 et
237 2121 443 2188 collationibus,
457 2125 486 2176 et
499 2119 604 2176 tantiam
617 2119 646 2175 in
660 2132 740 2175 usum
753 2117 920 2196 proeliorum
933 2135 1015 2194 sepo:

97 2197 260 2266 siti‚·velut
279 2198 336 2256 tela
358 2204 442 2274 atque
465 2215 552 2264 arma,
573 2196 656 2253 bellis
682 2205 879 2266 reseruantnra-
911 2195 970 2252 Est
990 2195 1021 2255 in
1093 2221 1094 2224 ¹

99 2276 206 2332 eodem
213 2275 351 2351 obsequio
365 2282 394 2331 et
404 2272 602 2331 Mattiacorum
609 2281 687 2348 gens.
702 2275 714 2282 ”
727 2267 850 2332 Protulit
860 2272 934 2330 enim
943 2291 1018 2348 mag-

99 2353 200 2412 nitudo
223 2353 322 2427 populi
345 2349 464 2410 Romani
486 2351 560 2408 ultra
582 2349 724 2421 Rhenum,
747 2354 879 2428 ultraque
905 2357 1019 2412 veteres

99 2430 249 2498 terminos,
263 2429 375 2506 imperii
390 2430 590 2486 reverentiam.
633 2429 675 2488 lta
682 2429 750 2487 sede
761 2429 920 2505 finibusque
931 2429 959 2486 in
970 2431 1021 2486 sud

4 2555 8 2562 .
102 2502 179 2583 sipi,
190 2516 286 2566 mente
300 2508 449 2582 animoque
462 2507 608 2565 nobiscum
628 2516 721 2582 agunt,
735 2512 833 2565 cetera
846 2507 951 2564 similes
965 2506 1018 2564 Ba·

101 2587 188 2654 tavis,
201 2587 254 2644 uisi
268 2585 345 2662 quod
359 2586 421 2660 ipso
435 2585 525 2641 adhuc
539 2593 625 2641 terrae
637 2603 696 2641 suae
717 2586 778 2640 solo
791 2592 821 2640 et
840 2584 914 2646 coelo
928 2583 1019 2642 acriis

101 2660 269 2722 animantur.
311 2663 378 2720 Nou
398 2661 604 2719 numeraverim
623 2663 698 2717 inter
710 2659 872 2718 Germaniae
887 2662 1017 2736 populos,
1123 2731 1124 2734 Ἴ

67 2743 85 2792 .“
102 2759 271 2820 quamquam
284 2749 361 2800 trans
376 2739 507 2800 Rhenum
522 2737 739 2813 Danubiumque
753 2737 943 2806 consederint,
958 2756 1016 2808 eos,

102 2819 153 2896 qni
165 2817 333 2878 Decumates
348 2834 429 2891 agros
444 2823 590 2873 exercent.
632 2815 804 2873 Levissimus
819 2813 1018 2890 quisqueGal-

101 2900 206 2966 lorum,
220 2903 250 2956 et
263 2898 309 2956 ino
332 2897 358 2953 'al
372 2895 472 2962 audax,
486 2893 579 2950 dubiae
594 2893 780 2968 possessionis
793 2895 884 2950 solum
898 2907 1017 2968 occupa

101 2977 184 3036 sere:
225 2974 295 3044 qu
320 2973 399 3032 imile
420 2979 493 3040 acto,
507 2971 700 3048 promotisque
713 2971 864 3047 praesidiis,
878 2970 954 3028 sinus
967 2972 1016 3040 im·

100 3053 188 3134 perii,
203 3060 232 3110 et
245 3071 310 3130 pars
325 3049 481 3128 provinciae
496 3049 644 3106 habentur.

142 3129 235 3188 XXX.
278 3129 360 3188 Ultra
374 3130 426 3186 hos
441 3124 517 3184 Catti
531 3126 639 3184 initium
650 3125 725 3186 sedis
738 3127 772 3184 ab
786 3124 934 3204 Hercynio
947 3127 1020 3184 saltu

99 3209 245 3278 inchoant,
266 3208 378 3266 nonita
399 3204 494 3262 effusis
516 3223 548 3260 ac
570 3203 842 3279 palustribuslocis,
863 3209 894 3261 ut
912 3211 1018 3262 ceterae

99 3285 244 3356 civitates,
259 3289 287 3344 in
315 3301 384 3362 quas
410 3283 562 3341 Germania
585 3278 723 3357 patescit:
752 3281 853 3339 durant
879 3279 1019 3355 siquidem

99 3364 202 3432 colles,
216 3363 420 3440 paullatimque
432 3366 599 3426 rarescunt:
622 3359 757 3418 etCattos
767 3377 833 3418 suos
847 3359 933 3415 saltus
942 3355 1018 3414 Her·

99 3443 202 3518 cynius
215 3440 400 3517 prosequitur
422 3437 609 3512 simul-atque
632 3437 757 3514 deponit.
800 3435 925 3493 Duriora
943 3435 1019 3510 genti

98 3535 235 3594 corpora,
249 3519 339 3577 stricti
361 3524 436 3574 artus
455 3513 548 3571 minax
561 3516 665 3585 vultus,
680 3522 710 3574 et
723 3515 812 3590 major
829 3513 913 3572 animi
927 3513 1015 3586 vigor.

98 3591 223 3658 Multum
246 3597 292 3677 (ut
311 3597 386 3658 inter
406 3589 578 3670 Germanos)
603 3593 717 3652 rationis
730 3609 763 3655 nc
776 3591 922 3667 solertiae5
939 3601 1015 3671 pre-
