2254 3960
89 293 152 370 aa.
169 282 214 338 ro.
263 237 267 244 ⁴
309 253 466 368 msrou.
484 282 558 340 ma.
577 283 766 386 domnos.
835 281 838 292 ’
931 287 985 344 auo

89 426 180 480 rent..
207 419 248 479 Ut
267 424 340 480 verb
360 424 416 481 huc
438 423 507 482 illuc
529 423 657 492 distrahi,
671 421 911 499 coep'ere,*metus
930 442 985 499 par

8 561 10 564 ,
90 515 200 566 omnes,
224 504 253 554 ct
278 501 423 574 precipua
448 501 610 558 Germanici
635 501 730 558 militis
757 499 888 568 formido,
914 507 984 557 tam·

8 583 9 590 ’
90 592 177 648 ulnam
186 575 220 631 ed
234 576 411 650 separatione
426 577 461 634 ad
472 579 583 636 casdem
593 577 803 636 destinarentur
818 599 825 633 ε
847 593 985 653 prensare

89 651 370 732 commanipidarium
390 661 517 729 pectora,
538 655 699 712 cervicibus
717 653 833 722 innecti,
854 668 987 728 suprema

89 728 313 802 oscula'petere,
328 737 335 764 ‘
348 744 385 784 ne
404 731 607 788 desererentur
628 732 691 800 soli,
704 749 761 788 neu
780 732 808 788 iu
825 731 888 806 pari
901 734 988 790 causa

89 804 260 884 ‘disparem
289 805 428 862 fortunam
460 813 625 880 paterentur
642 809 660 863 :’
695 809 779 864 modd
812 807 985 876 Mucianum,

86 881 175 940 modi)
198 882 342 940 absentem
362 882 536 956 Principem,
550 885 722 957 postremum
741 886 844 942 coelutn
864 903 897 942 ac
917 885 985 942 deos

88 959 249 1017 obtestari:
271 959 362 1017 donec
389 959 547 1026 Mucianus,
574 968 712 1017 ‘cunctos
739 963 865 1036 ejusdem
890 981 985 1020 sacra-

87 1036 211 1104 ‘menti,
236 1037 364 1110 ejusdem
385 1035 566 1110 Imperatoris
592 1037 705 1094 milites'
732 1040 887 1112 appellans,
914 1038 986 1097 falso

86 1110 185 1170 timori
209 1113 321 1169 obviam
345 1113 410 1168 iret.
451 1111 584 1187 Namque
606 1119 635 1168 et
655 1113 747 1170 victor
764 1116 909 1174 exercitus
929 1119 986 1174 cla·

84 1205 171 1246 more
184 1189 314 1246 lacrimas
328 1207 427 1246 eorum
436 1189 564 1263 juvabat.
607 1188 691 1264 Isque
703 1190 764 1246 finis
778 1191 826 1246 ills
836 1192 891 1247 die.
914 1193 984 1250 Pau·

84 1266 129 1324 cis
153 1267 222 1340 pbst
242 1267 352 1335 diebus,
378 1268 575 1342 adloquentem
597 1265 787 1326 Domitianum
808 1266 909 1329 firmati
927 1270 986 1342 jam

84 1360 245 1417 excepere.
288 1345 430 1418 Spernunt
456 1344 565 1399 oblatos
588 1361 693 1418 agr0s3
716 1343 865 1400 ‘militiam
887 1351 916 1401 et
937 1347 986 1402 sti·

47 1451 52 1478 i
85 1428 94 1454 ⁸
110 1420 226 1495 pendia'
242 1429 332 1478 orant.
374 1420 481 1478 Preces
496 1427 585 1488 orant,
597 1421 647 1476 sed
656 1421 757 1496 quibus
768 1420 922 1482 contradici
930 1439 987 1479 non

84 1505 206 1572 posset:
228 1499 315 1572 igitur.
325 1498 354 1554 in
369 1499 532 1573 praetorium
547 1497 667 1572 mcepti.
710 1497 795 1566 Dein,
807 1498 908 1573 quibus
920 1507 986 1557 tatas

83 1581 118 1631 et
133 1574 210 1648 justa
218 1575 383 1650 stipendia,
391 1573 497 1632 dimissi
510 1593 574 1631 cum
588 1575 708 1642 honore,
723 1574 769 1631 alii
791 1577 827 1632 ob
847 1575 960 1650 culpam
976 1599 984 1648 3

83 1651 142 1708 sed·
153 1652 283 1727 carptim,
298 1671 329 1709 ac
344 1652 442 1726 singuli
459 1675 465 1710 :
489 1671 545 1727 quo
559 1653 696 1709 tutissimo
714 1652 852 1722 remedio,
866 1671 984 1712 consen-

83 1747 135 1786 sus
148 1730 330 1787 multitudinis
344 1738 522 1787 extenuatur.
550 1769 553 1781 .
795 1743 797 1747 ’

127 1805 246 1864 XLVll.
288 1805 425 1864 Ceterum
439 1808 545 1865 verdae
561 1807 710 1884 pauperie,
725 1827 759 1871 an
772 1808 816 1866 uti
826 1809 983 1880 videretur,

84 1889 181 1943 actum
195 1884 354 1961 insensatu,
377 1891 431 1942 ‘ut
453 1886 612 1942 sexcenties
637 1886 809 1942 sestertidml
832 1907 847 1942 a
868 1889 984 1960 privatis

83 1968 238 2020 ‘mutuum
262 1962 464 2036 acciperetur.'
493 1960 737 2036 ⁴Praepositusque
754 1963 780 2018 ei
801 1982 878 2019 curae
900 1963 983 2020 Pom-

83 2035 348 2114 p'eiusJSilv'anns,
370 2057 424 2096 nec
444 2039 533 2095 multis
554 2041 620 2112 pbst
646 2038 799 2094 necessitas
821 2039 985 2110 abiitsive

84 2114 189 2172 omissa
206 2116 357 2188 simulatio.
399 2116 532 2188 Abrogati
553 2115 629 2184 inde,
643 2117 735 2187 legem
755 2112 866 2171 ferente
887 2115 984 2172 Domi-

76 2193 174 2260 tiano,
195 2192 369 2260 consulatus,
396 2211 466 2266 quos
493 2191 624 2249 Vitellius
650 2191 776 2248 dederat.
831 2191 985 2267 Funusqne

84 2269 266 2328 censorious
288 2269 391 2342 Flavio
408 2269 511 2325 Sabino
534 2270 672 2326 ductum:
697 2287 794 2342 magna
816 2269 985 2328 documenta

84 2347 225 2404 instabilis
239 2347 371 2415 fortuna,
384 2365 547 2422 summaque
562 2355 592 2403 et
605 2347 660 2404 ima
672 2346 825 2405 miscentis.

125 2423 261 2480 XLVlll.
303 2425 361 2480 Sub
383 2423 458 2480 idem
479 2431 591 2500 tempus
607 2423 638 2481 L.
665 2423 742 2494 Piso,
763 2429 927 2499 proconsul,
941 2427 983 2485 in·

85 2502 250 2573 terficitur:
273 2501 307 2558 ed
327 2501 364 2558 de
390 2503 468 2568 caede
493 2504 577 2578 quim
600 2503 751 2560 verissime
777 2506 936 2580 expediam,
960 2506 984 2562 si

20 2597 22 2602 ·
84 2597 177 2654 pauca
197 2575 284 2654 supra
306 2579 445 2652 petiero,³
467 2581 501 2636 ab
523 2580 603 2650 initio
624 2581 772 2656 causisque
794 2582 893 2636 talium
915 2579 983 2636 faci-

63 2659 189 2714 'norum
206 2675 263 2713 non
283 2657 411 2714 absurda.
454 2656 541 2728 Legio
555 2657 585 2712 in
598 2655 695 2712 Africa
708 2655 879 2728 auxiliaque,
893 2663 983 2712 tutan.-
1021 2721 1023 2728 y
1117 2721 1118 2728 ἵ

83 2732 129 2792 dis
143 2733 256 2808 imperii
276 2733 385 2802 tinibus,
402 2734 464 2790 sub*
475 2733 541 2788 divo
561 2733 686 2802 Augusto
707 2727 885 2809 Tiberioque
901 2730 979 2790 Prin·

84 2811 208 2887 cipibus,
222 2811 384 2886 proconsuli
398 2809 543 2884 parebant.
584 2805 654 2862 Mox
672 2805 758 2863 Caius
771 2805 982 2876 Gasarpturbi·

84 2887 139 2946 dns
160 2888 253 2956 animi,
275 2906 307 2944 ac
327 2887 368 2944 M.
390 2888 524 2954 Silanum,
548 2883 722 2941 obtinentem
744 2882 982 2964 Africammetu·

84 2981 149 3034 ens,
173 2963 290 3022 ablatem
316 2964 478 3039 proconsuli
501 2962 652 3036 legionem,
675 2961 759 3017 misso
785 2960 814 3016 in
836 2980 897 3018 eam
921 2980 983 3020 rem

75 3041 180 3118 'legato
200 3041 335 3100 tradidit:
368 3049 492 3116 aquatus
512 3039 590 3099 luter
612 3037 681 3096 duos
708 3037 910 3097 beneficiorum
927 3051 994 3096 'sus-

78 3211 86 3250 '
972 3207 991 3277 a*

123 3302 141 3356 1
160 3299 309 3356 sescenties
321 3295 477 3354 sermidam.
514 3299 575 3354 [lib.
587 3298 655 3355 Tur.
667 3299 798 3354 7500000.

80 3427 84 3432 ,
121 3370 434 3430 2Γιιπιιε,οιπεονὶαπι.,
464 3368 714 3435 VidsAnn.*4,15.
797 3402 799 3407 .

120 3439 192 3494 {lsi
204 3457 297 3510 pauco
316 3441 401 3512 supro
414 3439 533 3511 petiero..
561 3439 716 3495 Rhenanus
734 3451 762 3496 et
773 3438 900 3496 Muretus
912 3440 987 3496 mal?

86 3509 145 3565 ient
156 3509 290 3582 repetiero.
441 3554 443 3560 .
512 3577 563 3634 82
934 3525 939 3530 ·
