2214 3986
153 325 206 396 tio
390 326 431 391 e·
448 299 564 390 ooauss
581 329 719 390 raom
842 347 872 387 a.
888 345 910 387 s
937 345 964 388 a.
984 332 1058 391 eac.

151 483 305 544 animiam
347 481 553 557 suspicionibus
593 482 753 556 arguerent,
786 485 927 556 tamquam
954 479 1056 542 ‘dolo

59 601 65 608 -
153 569 365 628 ‘cunctantem
397 565 461 634 post
486 566 613 618 secretu
639 557 748 616 Vitellii
771 557 919 633 epistolas,
946 558 1056 634 quibus

152 641 361 706 κωπίω,
381 646 411 694 et
433 637 559 694 nubilem
579 635 675 703 filiam,
694 643 724 693 et
733 635 842 692 dotales
855 653 938 710 opes,
959 636 1054 711 preti·

152 722 227 851 :gqis
247 715 423 849 qqoditionis,
444 713 620 861 olseifqlsatql²
616 713 712 848 uigli,
727 713 812 826 “licta
820 713 977 848 linqqtqn
986 731 1054 787 gra·

214 813 241 849 nr
287 809 454 856 uciamcons
507 811 517 849 r
548 794 567 849 .’
665 809 718 860 am,
763 807 912 848 omniumr
962 806 1052 848 noum

152 869 323 928 ‘consilium
332 867 431 937 fuisse,
443 809 585 927 obiicere
595 868 690 946 potitis
703 868 767 926 urbi
775 868 892 936 bellum,
908 868 996 943 quarn
1010 870 1051 925 in-

153 953 162 982 ‘
175 943 272 1004 serre:
295 947 406 1022 quando
419 947 597 1003 validissimae
607 947 740 1004 cobortes
752 965 767 1003 a
779 943 897 1002 Vitellio
910 945 1051 1004 descivis-

153 1029 250 1092 ‘sent
261 1031 291 1082 et
314 1023 443 1082 abscissis
467 1025 595 1081 omnibus
615 1023 765 1098 presidiis,
779 1039 911 1080 cessurus
926 1023 1051 1098 imperio

152 1101 336 1160 ‘videbatur
379 1101 435 1158 Sed
471 1109 572 1158 cuncta
593 1099 780 1158 festinatione.
808 1100 911 1157 deinde
937 1100 1051 1174 ignavia

153 1186 161 1212 ⁸
177 1178 272 1236 Sabini
285 1186 437 1253 corrupta:
460 1179 519 1253 qni,
532 1179 649 1253 sumptis
662 1185 772 1235 temere
786 1178 1049 1244 armis-munitissi-

152 1264 161 1293 ⁸
176 1273 250 1314 mam
267 1255 400 1332 Capitolii
413 1273 518 1322 arcens,
530 1264 559 1312 et
578 1273 615 1311 ne
628 1255 732 1330 magnis
746 1255 861 1330 quidem
873 1255 1049 1312 exercitibus

152 1341 162 1370 ⁸
177 1335 405 1410 expugnabilem,
413 1333 607 1392 adversustris
617 1333 751 1390 cobortes
759 1333 834 1389 tueri
846 1331 1049 1407 nequivisset'

153 1409 237 1468 Haud
259 1409 339 1468 facile
353 1411 414 1485 quis
432 1411 480 1467 uni
498 1410 684 1484 adsignaverit
702 1411 826 1485 culpam,
839 1426 904 1483 quae
921 1409 1049 1466 omnium

149 1485 223 1544 luit:
245 1507 309 1544 narn
323 1495 351 1544 et
364 1487 510 1544 Mucianus
524 1488 659 1561 ambiguis
672 1487 799 1561 epistolis
812 1485 939 1542 victores
953 1505 1047 1544 mora·

151 1563 253 1634 butun
274 1572 304 1622 et
316 1563 451 1621 Antonius
465 1573 644 1639 prepostero
660 1564 808 1640 obsequio,
823 1563 870 1619 vel
882 1561 951 1644 dum
966 1582 1048 1638 rege·

151 1639 190 1698 rit
214 1640 371 1709 invidiam,¹
392 1641 499 1698 crimen
531 1641 653 1712 meruit3
674 1641 821 1718 ceterique
847 1640 945 1709 duces,
982 1641 1049 1698 dum

191 1723 297 1774 metum
323 1719 430 1774 bellum
455 1723 562 1792 putant,
586 1717 671 1776 linem
685 1719 747 1794 ejus
774 1718 956 1792 insignivere.
1002 1718 1048 1776 Ne
1097 1741 1098 1776 l

176 1793 269 1851 etilius
284 1795 397 1872 quidem
416 1794 627 1865 cameliacum
639 1796 717 1854 mille
728 1795 867 1872 equitibus
881 1796 1049 1870 praemissus
1097 1783 1098 1800 ¹

148 1880 182 1930 ut
195 1874 363 1930 transversis
377 1873 524 1932 itineribus
536 1893 697 1950 peregrum
710 1874 854 1942 Sabinum,
868 1873 1045 1942 suasisse,

152 1951 253 2016 urbem
265 1951 405 2022 introiret,
418 1952 484 2009 satis
497 1959 686 2010 maturaverat
697 1975 704 2009 ε
726 1952 817 2010 donec
830 1951 940 2010 obsessi
959 1951 1047 2030 Capi¹

151 2029 211 2088 tulii
225 2028 298 2087 lama
307 2039 423 2088 conaus
432 2031 515 2088 simul
526 2031 645 2088 exciret.

191 2107 323 2166 LXXIX.
365 2108 502 2166 Antonius
528 2127 583 2186 per
605 2106 768 2165 Flaminiam
795 2107 830 2164 ad
853 2107 925 2164 Saxa
945 2109 1045 2177 rubra,
1095 2151 1096 2178 ,

152 2187 240 2243 multo
253 2186 315 2260 jam
340 2187 442 2255 noctis,
462 2205 558 2247 serum
582 2185 715 2243 auxilium
730 2185 816 2242 veuit.
858 2185 1045 2244 lllic‘inter·

152 2261 279 2318 ‘fectum
313 2263 456 2338 Sabiqum,
490 2262 677 2338 conflagrasse
703 2261 900 2337 Capitolium,
916 2270 1044 2321 uomere

150 2337 296 2405 mrtem:
317 2345 417 2395 nioesta
442 2341 537 2398 omnia
562 2340 692 2414 accepit:
714 2341 854 2414 ‘plebem
900 2359 998 2416 uoque
1016 2349 1045 2398 et
1094 2359 1095 2364 ¹

151 2413 350 2489 ‘servitiapro
374 2413 492 2473 Vitellio
518 2417 641 2486 armari,’
662 2418 848 2476 nuntiabatur.
915 2417 1042 2476 tl’etilio

151 2489 257 2548 Ceriali
268 2499 401 2568 equestre
414 2494 548 2569 proeliuru
560 2495 710 2552 adversum
723 2494 837 2553 fuerat:
865 2515 988 2572 namque
1000 2497 1041 2553 in·
1093 2529 1094 2570 1

149 2577 271 2638 cautum,
285 2577 464 2647 ettamquam
478 2572 513 2630 ad
531 2571 622 2630 victos
642 2580 782 2643 ruentem,
797 2572 941 2631 Vitelliani
954 2573 1041 2631 iuter·
1093 2573 1094 2647 l

144 2647 241 2724 jectus
267 2647 355 2724 equiti
378 2649 477 2724 pedes,
505 2668 660 2725 excepere.
690 2647 845 2726 Pugnatum
854 2651 928 2712 baud
941 2653 1041 2726 procul
1092 2711 1093 2718 ,

145 2723 233 2796 urbe,
246 2722 451 2786 iuter-edificia
464 2730 630 2803 hortosque,
644 2735 674 2786 et
684 2727 827 2787 anfractus
835 2729 961 2800 riarum3
978 2749 1040 2806 que

147 2819 236 2877 gnara
250 2803 417 2875 Vitellianis,
440 2807 616 2882 incomperta
629 2806 766 2875 hostibus,
779 2814 885 2864 metum
894 2805 1039 2865 fecerant:

149 2897 243 2956 neque
263 2883 351 2940 omnis
374 2901 463 2959 eques
485 2902 616 2955 concors,
638 2884 774 2960 adjunctis
794 2884 971 2960 quibusdam,
992 2885 1040 2961 qui
1091 2907 1092 2989 q

148 2974 242 3032 nuper
266 2960 340 3034 apud
362 2959 495 3018 Narniam
508 2961 606 3030 dediti,
619 2961 893 3096 fortunamhpartium
909 2963 1038 3037 specula-

147 3034 274 3092 bantur:
290 3035 403 3110 eapitur
412 3037 564 3111 prefectus
578 3040 630 3097 alas
640 3039 752 3098 Tullius
787 3038 934 3098 lavianus:
948 3047 1037 3110 qeten

147 3108 301 3246 {quassum
312 3119 546 3188 consensuum
569 3133 627 3176 non
639 3117 716 3176 ultra
727 3115 848 3174 Fidenas
862 3116 966 3176 secubs
979 3117 1037 3176 vic·
1090 3079 1091 3159 i

143 3239 145 3243 ,
179 3207 204 3246 ri
258 3229 266 3244 .
1089 3233 1090 3240 ,

187 3263 304 3322 LXXX.
339 3265 382 3324 Eo
402 3285 535 3328 successu
562 3271 654 3332 studia
678 3270 778 3347 populi
804 3277 904 3329 aucta:
937 3271 1035 3348 vulgus
1089 3255 1090 3330 i

144 3339 286 3398 urbanum
311 3360 389 3400 arma
413 3346 498 3420 cepit.
540 3345 642 3407 Paucis
663 3355 742 3407 scuta
754 3347 904 3408 militaria:
925 3349 1034 3428 plures,
1088 3425 1089 3499 q

148 3598 167 3642 n
177 3523 456 3660 ssssdnffffitmmt
470 3541 611 3602 mudum.
637 3510 701 3606 'Vel
711 3555 746 3606 st
756 3562 851 3620 munte
858 3563 891 3610 ut
901 3547 1032 3610 insidiens

112 3667 115 3672 ,
454 3611 598 3678 misertis

1078 3861 1086 3928 l
